3186 4968
760 464 904 562 mlli...

241 647 363 711 slwnm
379 647 504 710 formam
523 647 633 710 utros-lo
650 649 740 712 modo
755 652 890 736 usurpari
906 650 1037 736 potuisse
1059 649 1249 715 manifestum
1272 661 1327 717 est.
1356 655 1414 718 lts·

241 767 301 831 que
316 757 395 812 secte
411 740 544 834 έφαψις
558 748 615 821 illa,
632 750 711 814 unde
727 771 835 816 nomen
852 753 973 838 Epapho
989 750 1126 826 inditum,
1141 743 1318 833 ἐπωνυμία
1332 745 1415 842 ἔφα.

242 857 307 936 pue
327 849 384 914 elici
404 850 515 934 potuit,
538 867 599 914 non
633 853 733 918 miuus
753 875 842 938 quam
864 855 1020 941 Epaphum
1041 845 1216 935 iuoiropor
1237 849 1303 918 πᾶν
1327 853 1417 932 Διὸς

154 1025 156 1028 ,
242 945 464 1038 γεννημάτων,
493 961 560 1027 aut,
583 954 662 1037 quod
684 958 780 1023 veritus
800 959 930 1033 violetur,
952 947 1077 1043 γέννημ’
1099 948 1196 1042 ἁφῶν
1217 956 1416 1023 Prometheus
1528 996 1530 1002 ·

240 1055 350 1122 dicits.
367 1057 440 1122 850.
469 1055 551 1121 llanc
565 1057 654 1140 igilur
668 1053 799 1147 ἔφαψιν
820 1055 997 1147 έπέκρανιν
1020 1051 1039 1124 ὃ
1060 1055 1228 1144 μόρσιμος
1250 1049 1343 1136 αἶαν’ν,
1362 1061 1418 1138 (sic

240 1158 322 1223 enim
337 1159 504 1243 legendum.
521 1177 583 1223 non
598 1153 843 1246 inexpuieecol:
866 1165 979 1230 iustum
999 1171 1120 1250 tempus
1140 1163 1224 1229 illum
1245 1163 1322 1228 locis
1343 1181 1417 1230 con·

242 1271 354 1328 tactum
371 1271 404 1328 ut
419 1281 472 1348 pu·
485 1272 559 1340 erat,
575 1255 718 1347 εέλόγως
729 1267 765 1331 ad
781 1277 919 1334 eventum
937 1267 1084 1354 perclusit,
1099 1265 1129 1331 b.
1143 1285 1169 1332 e.
1185 1267 1281 1331 ellecit
1295 1271 1330 1331 ut
1346 1285 1418 1352 pas-

242 1376 293 1430 tus
307 1367 456 1442 ederetur,
472 1366 497 1430 is
512 1367 564 1449 qui
578 1385 595 1430 a
610 1377 750 1433 contactu
762 1359 926 1459 ’Ἔπαφος
940 1371 1038 1436 nictus
1056 1375 1111 1434 est.

328 1469 469 1535 Eiusdem
485 1471 600 1534 labulae
618 1491 642 1532 ν.
659 1471 694 1546 'll
715 1491 781 1556 eqq.
798 1474 880 1538 chori
897 1475 981 1538 verbo
994 1475 1067 1538 baec
1078 1475 1229 1556 leguntur:

447 1564 549 1636 ulle
573 1569 650 1637 emt
674 1572 800 1656 γενέται
824 1569 928 1642 κλύετ’
950 1565 985 1642 οὗ
1008 1569 1201 1642 τὸδίκαιον
1223 1566 1361 1654 ἰδόντες,

449 1665 470 1760 ἢ
491 1672 548 1740 καὶ
569 1672 616 1761 μή
641 1673 748 1742 τέλεον
770 1673 884 1756 aercae
905 1673 992 1759 ἔχειν
1007 1671 1086 1764 παρ’
1108 1665 1215 1756 αἶσαν,

447 1771 544 1860 ὕβριν
565 1769 594 1841 ‹i’
616 1771 743 1861 ἐτύμως
757 1773 941 1862 oteramo,
965 1769 1000 1844 α’·

450 1872 578 1944 πέλοιτ’
601 1869 642 1943 ab
664 1875 792 1946 ἔνδικοι
817 1878 948 1966 γάμοις.

246 1983 400 2049 Postrema
415 1984 503 2048 verba
517 1993 596 2048 secte
612 1984 801 2052 llermannus
816 1985 988 2051 emendasse
1004 1984 1128 2060 violetur,
1145 1979 1261 2066 νόμοις
1283 2005 1337 2072 pro
1361 1983 1421 2069 γά·

245 2107 325 2168 μοις
346 2104 503 2170 reponens.
536 2085 614 2150 Nihil
634 2087 741 2151 luorum
764 2089 974 2154 vocabulorum
995 2087 1212 2172 permutatione
1236 2087 1421 2172 frequentius

246 2207 312 2251 esse
327 2205 433 2251 omnes
448 2194 629 2270 agnoscunt:
644 2189 770 2253 conulem
791 2190 843 2274 qui
864 2191 952 2254 etiam
973 2189 1052 2274 opud
1072 2190 1248 2272 Aeschylum
1266 2191 1296 2255 in
1320 2193 1421 2273 lpum.

248 2309 275 2352 ν.
296 2291 375 2352 1166
390 2308 467 2352 ante
480 2296 609 2356 notabm
622 2309 780 2373 agnoscece
793 2292 960 2367 noluerunt,
977 2293 1048 2355 nillil
1060 2291 1116 2356 uisi
1129 2293 1262 2375 ignorare
1274 2313 1306 2357 se
1320 2302 1424 2358 osten·

246 2390 364 2466 derunt,
380 2391 451 2474 quid
468 2392 581 2456 intersit
596 2393 675 2458 inter
690 2393 784 2476 legem
800 2403 932 2468 naturae,
948 2411 1006 2477 qiu
1018 2395 1157 2458 mortales
1170 2395 1222 2458 viri
1233 2415 1268 2458 ac
1284 2396 1424 2460 mulieres

246 2495 433 2580 copulantur,
449 2506 477 2557 et
492 2487 601 2574 mipace,
617 2497 665 2560 cul
680 2505 760 2562 certe
776 2515 837 2561 non
849 2502 1065 2561 consentaneus
1076 2505 1123 2560 est
1135 2497 1262 2562 oleorum
1277 2517 1346 2562 cum
1360 2519 1428 2563 mu·

247 2597 365 2663 lienibus
386 2596 570 2662 concubitus.
605 2598 638 2662 lo
655 2601 742 2664 tertio
761 2599 904 2664 versiculo
926 2617 987 2663 non
1008 2609 1072 2663 erat
1097 2618 1151 2665 cur
1185 2611 1234 2664 aut
1260 2597 1430 2686 στέγοντες

246 2721 316 2766 com
344 2701 514 2765 llesmonno
540 2710 592 2765 aut
616 2703 809 2786 oeeyouuee
831 2722 900 2768 oum
925 2703 989 2768 aliis
1009 2703 1205 2780 scriberetur3
1226 2705 1278 2768 sed
1301 2705 1422 2770 secundi

245 2825 348 2870 sersus
363 2804 527 2891 cocmptela
545 2805 701 2869 manifesta
717 2816 769 2870 est.
801 2807 935 2871 Primum
952 2805 1031 2872 euim
1047 2807 1118 2891 quid
1141 2809 1179 2872 sit
1198 2803 1311 2873 τέλεον
1335 2802 1423 2888 ἔχειν

247 2928 338 2976 nemo
358 2909 479 2984 eliserit,
499 2928 595 2992 coequo
615 2909 824 2974 elisiuuctivum
845 2909 916 2974 illud
940 2899 961 2996 ἤ
981 2912 1119 2996 explicari
1141 2913 1299 2978 commodo
1317 2923 1423 3000 potest.

248 3034 322 3099 quae
334 3015 459 3079 lortasso
473 3031 561 3076 causa
575 3013 642 3088 luit,
659 3023 717 3078 uta
733 3013 952 3097 Guellerbytani
968 3014 1077 3079 codicis
1100 3016 1244 3100 scriptore
1269 3016 1423 3080 omittese·
1513 3049 1516 3054 ·

248 3129 308 3186 tur.
339 3121 372 3184 lu
387 3119 517 3182 Medieeo
532 3109 610 3204 esti
635 3110 702 3192 καί,
725 3119 754 3182 in
775 3119 911 3183 Parisino
929 3109 951 3203 ip*
972 3113 1043 3200 βοί,
1066 3119 1145 3182 unde
1166 3119 1336 3184 [lindosfius
1359 3111 1425 3206 ἥβᾳ

248 3222 424 3308 iecitquosl
440 3241 488 3286 mo
504 3222 651 3286 nonsatis
669 3221 827 3303 intelligere
847 3222 951 3286 loteor.
978 3221 1058 3285 ..tlibi
1079 3221 1230 3308 probabile
1252 3221 1367 3285 uidetur
1387 3221 1424 3286 ab

249 3327 392 3410 bescbylo
407 3325 550 3410 scriptum
566 3324 656 3390 luisse
673 3323 771 3398 lll‘bb
787 3325 867 3409 qoou
882 3345 972 3409 quaen
989 3323 1073 3389 lacilc
1089 3317 1153 3410 ini
1179 3317 1238 3389 καί
1252 3333 1303 3390 aut
1319 3314 1341 3411 ἢ
1364 3317 1426 3406 βοὶ

250 3430 402 3516 corrumpi
417 3429 547 3516 potuerit
563 3429 753 3494 utanilestum
769 3441 830 3506 este
846 3422 957 3494 τέλεον
970 3439 1070 3493 eutem
1086 3447 1147 3493 non
1169 3429 1273 3494 dubito
1294 3429 1367 3513 quin
1389 3449 1423 3493 es

249 3531 290 3599 nt
313 3529 416 3598 πλέον
437 3539 536 3599 onum
557 3531 605 3597 sit
636 3533 686 3599 Sic
708 3531 825 3599 versum
847 3531 991 3598 iubemus
1012 3532 1162 3598 intellectu
1182 3533 1315 3610 bellem,
1335 3525 1427 3622 Ἥρᾳ

248 3637 295 3727 μὴ
319 3637 357 3702 aei
380 3631 482 3704 πλέον
505 3627 618 3714 bisace
639 3631 726 3717 ἔχειν
748 3627 827 3720 παρ’
842 3623 951 3702 olous.
987 3635 1127 3703 invocant
1142 3636 1273 3702 misellae
1288 3640 1370 3714 deos,
1387 3656 1425 3704 ne

250 3745 394 3810 lunonem
409 3751 513 3807 contra
528 3739 572 3806 las
587 3741 702 3806 uincere
717 3735 770 3818 (cei
793 3733 896 3805 πλέον
911 3735 1010 3822 ἔχειν)
1026 3741 1183 3826 patiantur.
1212 3741 1329 3826 Quippe
1350 3741 1428 3806 banc

250 3846 306 3914 sibi
321 3846 449 3911 maxime
465 3845 604 3909 inlectam
628 3854 657 3908 et
679 3843 865 3910 miseriarum
888 3863 1010 3910 suarum
1032 3854 1183 3910 suctocem
1202 3863 1267 3910 ests
1283 3843 1428 3927 intellige·

251 3949 332 4024 bant,
346 3947 597 4032 quemadmodum
615 3941 696 4033 ipsso
717 3966 788 4013 mox
808 3951 996 4032 profitentur,
1014 3967 1041 4012 ν.
1069 3949 1145 4013 llll:
1167 3947 1273 4013 κοννῶ
1295 3939 1323 4012 δ’
1348 3937 1431 4012 ι’έταν

253 4048 397 4137 γαμετᾶς
419 4044 644 4135 οὕρανόνικονι
667 4069 852 4135 cognosco
873 4052 1006 4119 malum
1027 4071 1044 4116 t
1067 4051 1223 4136 coniuge
1254 4062 1316 4119 tus
1338 4052 1380 4131 (b.
1402 4072 1429 4116 e.

254 4155 339 4230 iovis
361 4173 449 4240 quom
471 4173 552 4220 nunc
570 4154 743 4239 implorant)
765 4154 875 4220 uictis
894 4155 1128 4223 caelestibus
1154 4155 1264 4224 nobis
1284 4155 1431 4224 immta-

253 4277 347 4324 suus:
363 4259 414 4325 ulti
428 4260 486 4326 boc
499 4260 598 4344 ipsunt
614 4250 826 4340 οὐρανόνικον
840 4259 980 4334 occulit,
995 4277 1045 4326 aaa
1060 4260 1167 4326 octaris
1191 4259 1369 4328 caelestibus
1383 4259 1431 4324 in·

253 4361 322 4428 citis
335 4383 352 4428 s
366 4362 478 4431 lunone
493 4365 566 4428 baec
579 4361 656 4428 mala
672 4362 729 4430 sibi
743 4361 883 4446 imposita
897 4363 1028 4439 sumcere
1043 4363 1124 4446 quon
1139 4379 1221 4430 nunc
1241 4382 1280 4428 ne
1302 4361 1430 4444 amplius

257 4463 321 4531 tot
334 4465 433 4532 sinant
447 4465 521 4532 deos
534 4465 683 4534 invocant.
