3186 4968
668 351 819 452 ...ιζ

156 565 253 640 nptpto
268 547 336 612 stttt
352 548 381 613 in
398 547 516 614 Graecis
533 549 621 612 ullam
639 549 860 615 memorabilem
877 541 1055 626 templorum
1072 537 1322 623 pulchritudinem

155 651 246 716 luisse
262 653 457 718 certissimum
474 663 529 720 est.
557 655 614 718 set
630 656 718 720 uetur
733 654 873 718 nimirum
889 645 1057 712 honoreris
1073 643 1180 728 poetis,
1196 655 1230 707 ut
1246 657 1323 706 tem·

155 774 226 838 pom
244 757 427 824 contundunt
442 767 473 823 et
487 777 622 824 summus
641 757 823 842 antiquitatis
845 754 1003 837 imaginem
1025 749 1060 813 sel
1083 747 1232 831 quantiam
1255 766 1324 811 suos

155 863 257 926 notetis
273 861 497 927 similitudinem
514 875 704 948 componant.
722 898 761 911 -
777 851 988 945 ltyoeetusloe
1010 846 1198 937 θιρᾱπεῖῦι·
1213 865 1325 916 illim

156 965 341 1050 interpretes,
355 967 436 1030 lrunc
451 967 547 1050 ipsum
564 969 661 1034 locum
677 967 878 1052 respicientes,
892 981 958 1027 eros
969 959 1057 1023 etates
1067 977 1131 1022 esso
1142 957 1224 1020 aiunt
1237 955 1325 1041 spot·

156 1069 207 1132 liui
238 1063 348 1152 elperei
370 1079 572 1146 consecratos,
602 1067 679 1149 τοις
701 1066 769 1153 πρὸ
793 1071 858 1134 eote
879 1059 992 1149 θιρῶι
1012 1054 1158 1145 limittit·
1183 1051 1221 1123 ⁰⁸¹⁸
1243 1057 1327 1146 ,epig

159 1277 249 1341 utinm
267 1278 385 1362 [lelplris
402 1280 510 1364 possim
526 1280 637 1365 positos
652 1291 682 1346 et
696 1301 712 1345 tt
728 1277 909 1351 mulieribus,
925 1276 996 1340 ιιιιιιι
1014 1271 1050 1337 ιιι
1071 1270 1216 1354 templum
1238 1269 1328 1355 Apol·

161 1381 226 1444 llnis
243 1393 384 1466 pergunt,
402 1395 574 1468 essnspeetss
594 1385 685 1450 luisse
709 1394 939 1448 consentaneum
960 1388 1013 1442 esl-
1049 1377 1209 1442 Ilissnnlite
1231 1385 1329 1440 lntntn

163 1486 277 1552 sistetur
293 1487 463 1555 ll'elrlterus
476 1495 512 1570 ι).
535 1491 601 1575 epti,
623 1490 647 1555 si
663 1499 740 1556 recte
757 1499 886 1554 urentem
910 1486 961 1552 riri
982 1481 1226 1570 praestantissimi
1248 1501 1327 1545 resse·

162 1610 247 1674 «ptos,
265 1583 461 1676 ‹lyr-eumne
485 1596 671 1678 θεραπείας
694 1614 753 1661 nou
766 1595 801 1658 tle
817 1591 861 1659 iris
877 1593 935 1658 nris
951 1590 1081 1668 etotttms,
1098 1587 1149 1652 sesi
1175 1588 1212 1652 tie
1228 1585 1328 1671 imagi·

164 1695 249 1761 nilus
273 1697 392 1782 intelligi
412 1701 473 1766 tult
494 1701 523 1764 in
545 1701 646 1786 templi
668 1701 784 1784 lastigie
805 1697 980 1782 correptionis.
1016 1695 1205 1779 ..tippiw
1226 1691 1329 1776 inquit,

164 1800 1329 1872 „irrtroitustleoltonorttslroturomuiintroitusornamonto:

165 1905 343 1986 imagines
364 1919 483 1972 sutem
500 1909 534 1972 in
557 1909 712 1992 lostipio
732 1927 842 1992 supra
863 1906 1063 1970 introitum
1086 1902 1235 1986 positos
1258 1921 1331 1963 ruo·

164 2025 267 2088 gnum
291 2009 470 2075 lteruorom
493 2013 693 2076 indicente*
725 2013 812 2094 sitqui
833 2027 893 2072 non
916 2007 1047 2090 intelligo
1067 2015 1184 2076 tanton,
1205 2023 1263 2089 qua
1283 2023 1334 2066 ro·-

169 2110 248 2173 tioue
270 2111 334 2176 illuo
355 2113 494 2199 imagines
517 2108 710 2196 α’γιιᾶτιιιες
731 2115 787 2179 elici
809 2113 973 2196 potuerint,
1002 2129 1091 2193 sputo.
1117 2111 1185 2174 lioot
1204 2106 1334 2190 conspici

168 2215 291 2278 fortusse
307 2217 343 2282 sle
357 2219 400 2281 eta
416 2229 545 2302 possent,
562 2237 621 2282 nort
637 2227 736 2282 temen
752 2219 834 2302 ipeno
848 2217 878 2281 in
894 2217 937 2280 rio
952 2225 1051 2292 erent,
1066 2225 1110 2287 et,
1126 2213 1151 2276 si
1174 2213 1240 2298 quis
1260 2213 1335 2277 totle

168 2318 237 2380 lllutl
253 2321 406 2403 epitheton
422 2329 577 2406 propterea
595 2323 724 2406 puellum
741 2321 827 2395 diest,
844 2321 923 2404 quosl
940 2321 1058 2404 Apollo.
1078 2319 1161 2383 cutus
1184 2319 1214 2380 in
1234 2315 1336 2398 templi

169 2420 283 2504 lastigie
298 2423 353 2486 lene
369 2423 508 2508 tenegtnee
523 2425 775 2508 conspicerentur,
792 2425 880 2491 etism
888 2415 1039 2504 lep-estc
1058 2430 1151 2497 esset,
1175 2421 1336 2504 permirum

169 2523 303 2604 prolecto
318 2535 349 2590 ot
363 2546 487 2609 prorsus
503 2527 670 2592 incredibile
684 2539 739 2603 ost,
755 2529 792 2592 ult
807 2529 864 2591 hoc
885 2527 948 2590 etus
973 2525 1148 2612 cognomine
1171 2543 1250 2588 nuno
1271 2523 1337 2588 ltel-

169 2625 245 2705 pltioi
260 2629 360 2710 templi
376 2630 516 2712 imagines
537 2631 691 2714 appellari.
713 2631 791 2715 qood
813 2631 893 2694 nullo
917 2631 1006 2694 modo
1021 2630 1057 2692 set
1079 2629 1202 2692 tutelone
1226 2629 1338 2692 riorum

169 2745 290 2802 nornen,
306 2733 357 2794 scel
374 2734 409 2796 orl
432 2734 583 2798 iotitlirum
606 2735 715 2798 oroculi
736 2734 900 2816 praesidem
922 2731 1097 2816 pertinebat
1136 2731 1197 2795 llus
1217 2731 1338 2804 nrcmlit.

44 2837 47 2844 '
168 2831 247 2910 quoti
264 2831 294 2894 in
310 2833 364 2898 lmc
379 2845 462 2917 perte
477 2835 618 2900 emtionis
634 2838 742 2902 chorus
758 2837 890 2902 nondum
907 2837 944 2899 sio
960 2835 1089 2918 Delphis,
1102 2836 1153 2898 secl
1169 2835 1206 2898 tle
1219 2833 1339 2897 Athenis

169 2939 285 2997 tontum
307 2935 447 3018 loquitur.
475 2939 629 3022 inigitur
655 2941 776 3005 «tenente
799 2958 918 3023 quoquc
938 2929 1134 3020 sipotoisttisp
1154 2936 1339 3023 lepontios

169 3044 252 3098 erent
269 3036 411 3121 imngines
426 3040 456 3104 in
476 3041 591 3126 lostipio
613 3043 714 3126 templi
735 3039 901 3126 Apollinis?
917 3077 953 3090 -
973 3043 1115 3126 Apparet,
1136 3042 1256 3126 opinor.
1280 3055 1341 3102 non

155 3185 156 3188 ,
171 3135 361 3204 deserentium
378 3142 469 3206 luisse.
485 3153 617 3208 veterum
633 3145 827 3228 interpretum
843 3145 1067 3219 auctoritatemr
1083 3145 1136 3210 sed
1152 3143 1280 3208 ollendrt
1296 3151 1341 3206 ts·

80 3251 82 3256 ·
172 3257 241 3301 men
257 3240 383 3306 lortoese
398 3244 537 3326 aliquem,
553 3247 633 3330 quoti
649 3248 692 3312 sic
706 3248 808 3311 deesse
823 3247 931 3330 aliquid
947 3247 983 3312 ιιι
1006 3247 1235 3312 concinnitatem
1259 3264 1341 3309 rom·

173 3343 333 3418 partitionis
348 3345 453 3409 videet.
478 3347 550 3412 Nem
567 3367 660 3432 quum
677 3350 820 3433 inpriore
836 3349 981 3423 membro,
998 3350 1047 3414 ubi
1063 3351 1099 3414 tle
1113 3350 1234 3414 tenente
1244 3368 1343 3412 sermo
1415 3364 1425 3382 ‘

172 3451 227 3514 est.
243 3443 303 3508 tluo
317 3463 425 3527 genero
441 3465 593 3514 sacrorum
609 3461 898 3525 commemorentur,
914 3454 1024 3534 temple
1047 3453 1173 3516 deorum
1197 3451 1344 3518 columnis

172 3553 274 3607 ornate
288 3555 319 3610 et
333 3565 399 3612 trre
416 3550 513 3626 violes,
529 3552 559 3616 in
576 3553 677 3626 altero,
694 3553 744 3618 ubi
767 3571 836 3617 cum
857 3554 980 3618 Athenis
1002 3555 1104 3637 llelplri
1126 3565 1343 3638 cotnparontut.

173 3663 233 3708 uon
256 3648 327 3712 item
348 3651 408 3714 duo
429 3662 515 3728 sunt,
541 3654 593 3718 ssd
614 3673 707 3720 unum
729 3657 819 3720 modo
843 3649 993 3737 ttotpov
1015 3649 1208 3738 προσώπων
1229 3651 1344 3720 καλλι-

173 3743 343 3834 pttpopoe
364 3754 454 3838 pete,
474 3775 550 3838 quse
571 3757 657 3822 verbs
679 3758 812 3841 quumvis
832 3757 941 3841 sliquisl
962 3759 1081 3823 luminis
1102 3759 1267 3842 designent.
1289 3759 1347 3822 hoe

175 3845 271 3928 ipsum
294 3861 393 3916 tomen
413 3856 485 3938 quid
504 3858 543 3922 sit
562 3877 624 3922 non
649 3860 721 3924 satis
746 3861 851 3924 elucet.
887 3859 961 3924 Nam
982 3861 1204 3926 recentissimus
1225 3861 1345 3945 quidem

175 3945 321 4032 interpres
331 3953 499 4041 llortungus
510 3959 672 4042 Apollinem
684 3961 807 4045 eiusque
817 3980 950 4026 sororem
960 3961 1081 4027 Dionem
1091 3964 1246 4046 significari
1259 3973 1347 4028 nutu·

183 4093 361 4118 “Q-..—

250 4186 273 4251 ι)
286 4187 402 4244 ιιιιιιιι.
416 4193 457 4246 st.
469 4192 497 4248 ιι.
510 4193 540 4262 ιι,
554 4195 585 4249 ιι
598 4213 622 4263 p.
639 4192 696 4261 ton,
708 4195 750 4250 ιι.
777 4196 884 4268 ttespes
898 4213 919 4250 s.
932 4214 957 4252 v.
968 4195 1140 4270 ιιγνιιὶτιδις.
1165 4199 1230 4257 Lex.
1243 4206 1351 4270 ὕφει.
1570 4149 1571 4212 ᾖ

178 4281 202 4334 p·
215 4268 274 4323 cto.
287 4271 329 4326 ro.

146 4438 148 4442 .
248 4352 347 4498 illvnlts
359 4357 497 4420 ιιοιιιιιιι
512 4365 522 4419 l
539 4381 562 4434 p.
579 4365 635 4422 iifl.

307 4484 315 4500 .
1125 4455 1146 4518 6
