3266 4958
664 387 817 490 „as-

155 575 346 662 umptoque
364 578 443 684 sup
462 578 642 664 impendam
662 579 779 645 ttvtnow
796 579 925 644 mutus
937 579 1136 646 bonomiam
1151 600 1181 647 v.
1196 579 1271 646 cot.
1286 581 1323 646 a:

255 715 333 795 nce
351 736 408 796 τις
426 710 591 784 πλούσιον
612 707 719 803 ἄνδρα
738 717 815 796 stet,
837 708 927 781 ἀπίει
950 713 988 784 δὲ
1010 711 1176 805 πενιχράν.

341 817 449 888 πᾶσιν
471 813 507 885 d’
527 813 723 906 ἀνθρώποις
744 811 846 898 αι’·τός
865 810 970 886 ἔνεστι
992 815 1078 897 νόος.

155 945 192 1009 Et
211 963 301 1031 quam
321 945 408 1027 longe
428 941 506 1007 absit
524 941 562 1008 ab
581 961 687 1008 eorum
710 942 917 1026 perversitate,
938 942 989 1026 qui
1009 942 1088 1008 titos
1108 942 1204 1008 bonos
1224 943 1322 1008 nullos

154 1049 211 1113 ttisi
241 1053 293 1113 aut
323 1047 428 1112 divites
452 1054 504 1111 attt
528 1064 689 1129 generosos
714 1045 817 1110 baberi
842 1045 946 1122 velint,
977 1046 1170 1112 disertissime
1195 1055 1323 1114 testator

154 1170 182 1215 v.
200 1149 272 1216 tte.
288 1151 328 1214 9:

252 1273 306 1346 'Es
328 1276 366 1348 dd
388 1277 583 1369 δικαιοσύνῃ
606 1275 793 1368 συλλήβδην
814 1271 902 1347 πᾶσ’
922 1273 1025 1368 dpetp'
1044 1273 1137 1360 ’στιη

346 1380 415 1460 πᾶς
437 1377 477 1448 dt
495 1377 530 1447 τ’
552 1376 632 1468 desig
656 1375 800 1466 ἀγαθός,
822 1377 940 1470 Kdgee,
962 1377 1095 1460 δίκαιος
1115 1377 1186 1448 deis.

240 1503 331 1567 Recte
360 1505 449 1586 igitur
468 1504 670 1586 'l'beognidem
695 1511 842 1567 nontam
868 1503 1041 1586 oligarcbiae
1060 1503 1208 1570 lautorem
1228 1505 1321 1570 luisse
1357 1551 1360 1558 ι

153 1605 287 1670 dicemus
301 1587 392 1688 quant
406 1606 615 1680 aristocratiae,
630 1606 656 1668 si
670 1605 791 1689 quidem
802 1605 967 1668 Aristotelis
981 1607 1116 1688 exemplo
1131 1607 1321 1688 oligarcbiam

153 1725 294 1773 vocamus
314 1727 385 1774 eum
405 1708 529 1774 civitatis
550 1712 678 1782 statum,
705 1707 757 1772 ubi
776 1707 861 1790 pauci
880 1708 995 1772 nobiles
1016 1717 1067 1772 aut
1086 1709 1237 1792 pecuniosi
1256 1728 1321 1773 rem

152 1810 301 1892 publicam
318 1820 459 1894 tanquam
474 1829 560 1875 suam
576 1815 703 1874 tractant
717 1811 848 1892 neglecta
862 1811 932 1874 boni
949 1811 1056 1892 publici
1068 1829 1148 1886 cura,
1164 1812 1321 1876 aristocra-

154 1913 225 1976 tiam
241 1925 356 1988 contra,
372 1913 423 1978 ubi
439 1913 559 1978 delectis
574 1911 751 1994 quibusdam
766 1917 888 1995 propter
901 1913 1078 1995 probitatem
1093 1923 1124 1977 et
1134 1913 1322 1997 prudentiam
1422 1954 1425 1960 ·

153 2015 223 2079 viris
247 2015 446 2100 reipublicae
474 2015 690 2079 administratio
720 2015 864 2096 permissa
883 2023 938 2078 est.
972 2015 1011 2078 tlt
1032 2015 1182 2098 Theognis
1201 2016 1321 2099 quidem

154 2117 226 2182 tales
244 2117 338 2197 siros,
361 2137 438 2203 quos
453 2137 514 2182 nou
528 2117 642 2182 multos
657 2115 688 2180 itt
703 2117 785 2180 omni
800 2116 911 2200 populo
927 2135 993 2180 esse
1008 2118 1201 2200 intelligebat,
1224 2119 1322 2200 plures

153 2227 254 2284 umen
273 2221 352 2284 inter
372 2219 488 2284 nobiles
508 2237 597 2305 qnam
619 2219 698 2302 apud
713 2220 830 2302 plebem
845 2219 969 2282 inueniri
984 2220 1121 2294 credidit,
1142 2239 1268 2303 eamque
1283 2219 1322 2285 ob

153 2339 272 2386 causam
287 2323 443 2406 exaequari
459 2322 545 2406 plane
560 2322 714 2402 utriusque
729 2321 841 2385 ordinis
855 2321 919 2386 iura
934 2321 1044 2384 noluit:
1060 2323 1090 2384 in
1105 2341 1166 2406 quo
1177 2341 1321 2389 rerumne

153 2423 258 2487 viderit
282 2443 320 2488 tn
347 2425 489 2489 erraterit
512 2442 574 2488 nott
600 2442 675 2507 opus
701 2431 748 2488 est
766 2425 824 2488 boc
843 2425 907 2488 loco
929 2423 1083 2506 disputari.
1115 2425 1219 2508 Neque
1238 2427 1319 2490 enirn

154 2526 359 2610 disceptatoris
382 2533 434 2592 aut
457 2527 559 2592 arbitri
585 2525 638 2590 sed
658 2526 828 2609 interpretis
848 2543 1006 2608 personam
1029 2528 1223 2610 suscepimus
1256 2529 1321 2594 lloc

155 2636 254 2692 tamen
280 2630 411 2712 profiteri
436 2629 522 2703 libet,
546 2647 608 2692 uon
629 2629 723 2710 magis
745 2646 800 2692 nos
820 2646 909 2710 quam
929 2647 1110 2711 quemquam
1131 2629 1321 2695 mediocriter

154 2730 244 2793 modo
260 2731 401 2796 historiae
415 2733 543 2814 peritum
559 2731 665 2806 latere,
686 2749 776 2812 quam
791 2748 858 2793 raro
874 2749 968 2812 quum
983 2732 1060 2814 apud
1075 2731 1147 2794 alios
1162 2741 1227 2795 tunt
1241 2733 1319 2816 apud

157 2833 283 2896 Graecos
298 2851 366 2897 tera
381 2834 428 2896 illa
443 2833 626 2898 aristocratia
640 2834 766 2896 existere
780 2839 824 2906 et,
844 2833 869 2896 si
884 2835 1002 2915 quando
1018 2834 1177 2908 extitisset,
1198 2853 1321 2900 conser-

155 2933 215 2996 turi
233 2934 285 2997 diu
304 2935 444 3017 potuerit.
473 2936 547 2999 Nam
569 2935 649 3017 quod
671 2941 739 3017 post
758 2953 882 3017 regnum
897 2937 1040 2999 obolitum
1056 2936 1167 3018 ubique
1180 2937 1322 3002 successit

155 3055 319 3117 paucorum
341 3037 515 3120 imperium,
542 3036 676 3120 quamtis
694 3035 776 3098 initio
795 3037 907 3100 iustum
927 3047 958 3098 et
977 3037 1019 3100 rei
1038 3037 1171 3119 publicae
1192 3039 1319 3113 salubre,

156 3157 225 3202 mox
241 3143 342 3202 tammt
357 3140 550 3221 degenerasse
564 3146 596 3202 et
606 3139 637 3200 in
648 3137 837 3218 oligarcbittm
849 3139 1061 3202 intolerabilem
1073 3140 1164 3204 abiise
1175 3141 1320 3216 ridemus,

154 3259 230 3322 quae
255 3259 348 3322 quum
377 3259 477 3304 eversa
497 3249 577 3304 esset
596 3240 755 3324 populique
775 3240 893 3304 libertas
914 3242 1072 3314 vindicata,
1098 3242 1171 3307 baec
1191 3261 1321 3326 quoque,

154 3342 221 3405 licet
242 3342 401 3424 aliquando
422 3361 507 3406 verae
527 3343 727 3408 aristocratiae
741 3343 867 3418 lateret,
889 3343 978 3407 nimis
993 3354 1094 3408 tamen
1108 3345 1168 3408 cito
1182 3351 1321 3428 corrupta

153 3449 184 3506 et
203 3443 234 3506 in
255 3443 402 3508 licentiam
422 3461 563 3508 conversa
582 3453 643 3519 est,
663 3451 698 3506 ut
715 3463 753 3507 ex
774 3445 953 3509 democratia
976 3447 1153 3510 ocltlocratia
1173 3445 1321 3512 existeret.

153 3546 337 3610 intellectum
358 3553 457 3610 autem
480 3545 568 3610 ctiam
589 3545 754 3621 aGraecis,
773 3563 835 3608 nott
854 3547 975 3629 quidem
989 3549 1027 3612 ab
1041 3549 1196 3622 omnibus,
1216 3549 1269 3613 sed
1283 3549 1321 3612 ab

153 3648 188 3712 iis
208 3656 304 3724 certe,
325 3648 377 3731 gui
395 3649 463 3730 plus
483 3665 572 3730 quam
588 3647 691 3730 tulgus
706 3657 858 3729 saperent,
878 3651 1120 3714 conversionibus
1134 3651 1192 3714 ibis
1206 3656 1238 3714 et
1252 3667 1319 3716 cor·

152 3751 339 3834 ruptionibus
363 3768 465 3814 rerum
490 3749 690 3832 publicarum,
716 3749 825 3832 quibus
850 3750 933 3814 nullo
952 3769 1015 3816 non
1033 3761 1170 3834 tempore
1188 3752 1319 3816 civitates

152 3871 221 3916 suas
241 3851 354 3917 turbari
374 3857 407 3918 et
426 3851 548 3918 lacerari
561 3849 715 3927 videbant,
737 3851 902 3915 remedium
918 3853 1029 3936 sperari
1043 3871 1104 3918 non
1119 3873 1209 3938 posse
1223 3854 1320 3920 nisisi

152 3962 231 4018 esset
245 3955 277 4018 in
291 3953 327 4018 iis
341 3952 438 4019 maior
451 3955 596 4038 quaedam
610 3960 742 4038 potestas
757 3955 872 4037 regalis,
888 3971 964 4036 quae
978 3957 1024 4021 tel
1038 3975 1202 4040 paucorum
1212 3975 1321 4042 super·

151 4057 233 4122 biam
258 4065 289 4120 et
311 4057 498 4121 insolentiam
517 4057 563 4122 tel
581 4056 777 4122 multitudinis
797 4057 995 4122 temetitatem
1016 4067 1047 4123 et
1065 4058 1215 4126 lasciviant
1234 4080 1321 4127 cocr-

153 4164 249 4236 ceret,
270 4167 302 4224 et
319 4177 409 4224 suunt
429 4159 537 4244 cuiqmt
555 4160 713 4225 tribuendo
728 4159 775 4224 iut
790 4160 925 4225 omniunt
939 4180 974 4227 ac
988 4161 1153 4230 libertatern
1168 4173 1319 4230 tueretur:
1391 4179 1401 4194 ·

151 4261 270 4346 qualem
292 4267 470 4345 potestatem
489 4279 583 4347 qutun
598 4272 753 4348 respueret
766 4264 946 4329 Graecorum
961 4265 1129 4348 ingenium,
1149 4285 1213 4333 nott
1227 4270 1319 4336 ntodo

150 4359 318 4430 liberum
331 4365 384 4430 sod
399 4385 471 4432 mox
484 4384 523 4432 na
534 4365 663 4451 speeiem
674 4367 795 4452 guidem
806 4365 949 4433 libertatis
959 4387 1136 4436 concertare
1146 4381 1317 4456 potuerunt
