3266 4958
834 420 876 486 te

268 621 299 678 et
313 613 344 678 in
358 613 416 676 hac
431 611 507 676 lonis
521 609 621 677 labula
633 631 660 676 r.
674 609 731 676 tt:
752 605 879 680 δάσσει
902 607 978 700 porr)
1001 609 1148 700 τρίποδα
1169 607 1293 694 taem
1313 611 1441 704 Δεὶφὶς

269 705 415 782 dridecc'
438 707 575 805 Ἕλλησι
599 717 685 801 dode
706 705 747 796 dg
769 707 810 782 ἂν
830 709 1006 784 Ἀπόλλων
1026 713 1202 808 κελαδήσῃ.
1236 719 1275 783 Et
1292 719 1329 784 ad
1348 719 1440 805 sigui·

269 820 415 885 beandam
427 821 474 886 dei
493 823 691 904 praesentiam
711 823 743 887 in
763 815 915 906 adpones
935 823 996 887 τοῦ
1017 823 1097 888 ναοῦ
1117 818 1166 908 τῷ
1180 814 1352 902 Ιἐσωτάτω,
1379 843 1440 908 quo

269 925 371 1010 paucis
385 925 482 990 editus
496 939 569 1002 crat,
584 945 708 992 aureum
723 927 865 1011 Apollinis
879 927 997 1010 signum
1020 925 1152 1012 positum
1173 925 1266 992 luisse
1280 926 1440 993 Pausanias

269 1039 419 1095 memorat
433 1029 469 1106 X,
485 1030 536 1106 tt,
552 1033 583 1094 5.
601 1067 640 1078 -
656 1031 696 1096 Dc
712 1032 802 1098 verbo
816 1021 978 1120 ὑμνῳδεῖ,
1000 1051 1059 1116 qno
1080 1031 1235 1116 Euripides
1250 1031 1287 1095 de
1307 1031 1441 1117 Apolline

269 1135 445 1201 raticinanle
460 1135 563 1212 utitur,
579 1137 696 1201 monuit
709 1137 768 1202 lam
780 1136 952 1202 Eusletbius
963 1137 1000 1202 ad
1012 1136 1131 1222 Dionys.
1146 1155 1173 1201 11.
1192 1135 1284 1212 1181,
1300 1137 1389 1202 ctiam
1404 1135 1440 1202 ub

270 1237 441 1306 llormnnno
461 1241 582 1316 citatus,
604 1251 722 1325 poetam
738 1241 836 1328 paullo
851 1241 971 1308 liberius
986 1262 1022 1308 eo
1037 1261 1126 1308 usum
1147 1261 1228 1318 csse,
1250 1259 1312 1306 nou
1326 1249 1442 1308 servata

271 1347 391 1430 propria
408 1345 628 1430 significatione.
659 1346 732 1411 llam
757 1337 852 1430 ipset
874 1357 953 1414 certe
973 1346 1108 1412 vaticinia
1128 1365 1190 1413 non
1210 1355 1305 1414 munt
1339 1347 1442 1434 ltaque

270 1451 344 1516 nibil
358 1451 416 1516 boc
430 1453 495 1518 loeo
510 1443 670 1538 dpspdris
684 1451 741 1518 nisi
755 1444 925 1538 ἐμμέτρως
948 1441 1043 1542 ᾄδειν
1064 1453 1223 1537 significat,
1243 1453 1441 1538 quemadmo-

271 1555 344 1620 dum
359 1555 448 1622 etiam
464 1558 540 1622 inlra
555 1577 581 1620 1.
597 1557 661 1621 billi
675 1548 825 1644 ὗμνῳδία
845 1557 961 1622 dicitur.
992 1557 1095 1624 l'otuit
1114 1557 1270 1642 Euripides
1288 1575 1442 1646 χρησμῳ·

271 1657 341 1726 δεῖν
353 1669 384 1727 ε1
396 1658 608 1750 χρησμῳδίαν
621 1661 729 1738 dicere,
744 1662 769 1726 si
783 1680 885 1727 versus
900 1670 1061 1746 pateretur.

356 1767 454 1850 Pergit
468 1767 607 1852 deinceps
621 1767 784 1832 blercnrius
795 1785 925 1842 causum,
941 1785 995 1832 cur
1005 1765 1135 1850 llelpbos
1147 1765 1268 1841 tenerit,
1284 1781 1441 1850 exponere.

270 1871 445 1953 Aliquando,
459 1873 508 1946 ait,
524 1871 647 1936 Atbenis
662 1869 819 1936 Erechthei
833 1870 909 1953 repis
923 1869 982 1934 lilia
996 1869 1105 1935 Creuu
1118 1869 1155 1934 ab
1167 1869 1300 1953 Apolline
1313 1887 1368 1953 per
1382 1867 1442 1932 vim

272 1992 443 2058 compressa
457 1981 519 2038 est:

437 2069 533 2142 παῖδ’
552 2067 732 2164 Ἐρεχθέως
755 2077 880 2162 Φοῖβος
903 2069 1029 2158 ἔζευξεν
1042 2069 1162 2161 μα’μοις

438 2181 498 2269 βίᾳ
519 2173 699 2265 Κρέουσαν.

273 2287 306 2350 Γ
304 2277 388 2366 α’μον
401 2303 463 2348 non
478 2285 575 2350 solnm
591 2287 627 2350 de
643 2286 774 2369 legitimo
788 2285 979 2349 matrimonio
994 2285 1213 2360 contrahendo,
1233 2285 1286 2348 scd
1301 2285 1390 2349 etiam
1406 2285 1443 2348 de

273 2389 356 2453 omni
376 2389 517 2453 amatoria
537 2391 754 2453 consuetudine
774 2397 804 2452 ct
818 2389 979 2453 concubitu
997 2387 1054 2452 dici
1077 2397 1139 2452 um
1160 2389 1191 2451 in
1213 2389 1317 2471 vulgus
1336 2397 1442 2452 notum

272 2513 339 2558 esse
353 2492 451 2567 debet,
466 2501 500 2556 ut
509 2493 643 2575 exempla
655 2495 759 2556 afferre
770 2493 906 2576 putidum
921 2491 976 2554 sit:
992 2509 1088 2573 neque
1099 2492 1184 2554 aliter
1194 2492 1282 2554 etiam
1295 2491 1443 2575 nuptias

271 2613 487 2680 nonnunquam
507 2617 523 2660 a
545 2596 655 2660 Latinis
671 2595 728 2658 dici
743 2595 932 2659 Burmannus
947 2593 1065 2656 monuit
1075 2591 1111 2657 ad
1127 2593 1247 2658 Petron.
1263 2613 1289 2658 c
1305 2593 1357 2657 25.
1384 2592 1444 2657 lle·

273 2698 459 2764 stituendum
480 2699 568 2783 igitur
582 2699 653 2764 illud
669 2699 842 2764 vocabulum
862 2697 1006 2780 Aeschylo
1026 2707 1081 2772 eet,
1103 2699 1204 2780 Agnm.
1226 2717 1255 2760 ν.
1279 2697 1371 2772 1166,
1393 2697 1444 2761 ubi

274 2803 383 2868 obortu
398 2803 601 2878 Cassandram,
616 2809 745 2868 amatam
758 2824 790 2867 sc
805 2803 842 2866 ab
857 2801 991 2884 Apolline
1006 2801 1180 2884 professam,
1196 2801 1372 2886 interroget:

437 2892 459 2992 ἦ
480 2903 537 2970 ναὶ
557 2900 676 2972 τέκνων
698 2897 746 2982 οἷς
760 2899 855 2988 ἔργον
877 2895 1021 2990 ἤλθετον
1043 2899 1173 2990 μα’μῳς

273 3009 350 3074 llam
361 3009 440 3094 quod
457 3012 542 3094 vulgo
553 3011 693 3076 scribitur
707 3002 807 3095 νόμῳ,
822 3008 911 3072 nimis
926 3009 1059 3091 prolecto
1075 3009 1208 3092 ineptum
1224 3015 1280 3084 cst,
1295 3009 1444 3092 siquidem
1501 3023 1504 3030 ·

272 3107 365 3200 so'pp
378 3115 414 3178 ad
436 3115 598 3179 liberorum
618 3113 853 3199 procreationem
871 3111 1031 3175 accessisse
1051 3111 1071 3174 ii
1091 3112 1214 3174 demum
1234 3112 1290 3175 dici
1307 3122 1444 3196 possunt,

275 3219 328 3300 qui
343 3219 421 3282 iusto
436 3219 626 3282 matrimonio
641 3218 733 3281 iuncti
746 3225 826 3280 sunt
846 3207 961 3295 Νόμος
976 3214 1056 3276 euim
1070 3232 1134 3278 rem
1146 3215 1289 3297 siguificat
1301 3215 1444 3290 moribus,

275 3320 399 3402 legibus,
415 3321 555 3384 institutis
570 3319 722 3404 probatam
735 3337 852 3400 nonque
864 3326 1029 3399 receptam:
1045 3317 1169 3381 deornm
1181 3323 1280 3381 antem
1297 3319 1346 3382 isti
1360 3337 1445 3382 nmo·

274 3440 324 3486 res
338 3433 368 3486 et
381 3441 451 3486 cum
466 3423 640 3486 mortalibus
655 3421 842 3494 concubitus,
858 3419 1052 3483 etiamsinon
1072 3419 1235 3483 admodum
1254 3421 1328 3494 rari,
1351 3420 1446 3484 mori·

273 3523 332 3588 bns
347 3533 446 3588 tamen
457 3534 509 3589 aut
523 3523 636 3607 legibus
649 3525 759 3608 recepti
774 3532 862 3605 etque
877 3521 978 3586 usitati
992 3521 1074 3586 nullo
1090 3521 1180 3586 modo
1201 3522 1258 3586 dici
1273 3531 1445 3606 potuerunt.

274 3627 319 3690 Ac
343 3625 467 3690 mbarer
491 3625 630 3710 equidem
658 3626 737 3690 illam
762 3625 1000 3689 emendationem
1021 3625 1134 3690 dudum
1155 3645 1172 3690 a
1193 3645 1242 3688 mc
1261 3625 1446 3708 propositam

275 3729 397 3811 (opusc.
412 3729 451 3792 lll
466 3749 496 3812 p.
514 3729 597 3810 150),
612 3747 629 3792 a
642 3729 855 3794 recentioribus
869 3728 985 3793 labulae
996 3729 1171 3812 Aescbplcee
1183 3728 1345 3792 editoribus
1359 3746 1445 3812 epre-

274 3839 338 3894 um
352 3851 427 3908 esse,
442 3831 497 3894 nisi
510 3832 723 3906 meminissem,
737 3849 827 3914 quem
839 3829 956 3894 dillicilc
968 3832 1071 3896 multis
1081 3833 1129 3908 sit,
1140 3849 1247 3896 eorum
1259 3831 1446 3912 praesertim,

276 3933 329 4014 qui
348 3953 381 3996 se
401 3933 518 3998 criticos
537 3925 606 3997 κατ’
628 3925 743 4019 ἐξοχὴν
762 3934 863 3998 baberi
887 3934 1003 4010 volunt,
1021 3935 1092 4000 alies
1112 3953 1203 4018 quem
1222 3951 1292 3997 suns
1313 3933 1447 4017 ipsorum

276 4035 497 4101 emendationes
519 4037 654 4120 probare.
690 4037 765 4100 llam
786 4037 865 4120 quod
879 4037 951 4101 illud
965 4031 1056 4123 νόμῳ
1075 4038 1154 4122 apud
1171 4037 1349 4120 Aeschylum
1369 4035 1447 4101 tueri

276 4147 422 4202 conantur
442 4139 562 4204 llomeri
582 4139 731 4224 exemplo,
753 4139 806 4204 ubi
825 4139 878 4204 riri
896 4161 965 4206 cum
986 4141 1158 4207 mulieribus
1179 4139 1379 4208 concumbere
1399 4139 1447 4204 di·

277 4229 421 4326 σηοωεδ
441 4235 545 4322 θέμις
566 4233 758 4328 decedam
777 4236 889 4322 adae,
910 4234 1037 4328 α’νδροῖν
1057 4234 1119 4330 ᾔδε’
1141 4239 1318 4328 werede:
1336 4242 1397 4308 boc
1420 4242 1447 4308 si
1561 4265 1563 4270 ·

276 4342 356 4512 :erio
367 4345 551 4512 memmi
564 4347 710 4413 sententis
720 4355 823 4432 egunt,
837 4349 937 4414 nssdo
946 4365 1019 4413 seue
1030 4347 1237 4413 mirandumne
1249 4365 1289 4412 en
1298 4344 1447 4412 misenu-

299 4463 353 4512 um
