3186 4958
186 581 239 648 visi
255 592 325 648 sont
339 583 370 648 in
385 584 459 650 bon.
477 584 522 661 l'l,
537 583 590 661 25,
606 584 640 648 2:
656 585 855 668 Agrippina
872 583 978 668 aequi
1000 585 1214 669 impatiens,
1229 583 1345 648 domi·

89 721 91 726 ·
186 686 296 751 nauli
330 687 449 763 ariela,
480 688 655 754 virilibus
686 688 786 752 curis
819 689 1041 753 feminarum
1069 689 1156 753 vitia
1182 697 1344 752 exuerat.

186 794 292 874 „quod
313 811 374 857 non
394 799 465 856 eat“
485 791 580 875 iuquit
600 792 729 856 iirilzius
749 811 828 866 „sua
849 792 917 856 litia
937 793 1063 856 leminea
1083 792 1274 874 deposuerat,
1294 791 1344 855 seul

184 897 262 960 vitiis
278 895 321 969 iu,
336 915 411 980 quae
426 895 512 978 uulgo
528 896 704 960 leuunnrum
720 905 804 970 sunt,
821 897 970 960 vacabat.“
999 897 1087 979 aliqui
1103 895 1276 978 algrippiua,
1296 903 1344 959 ut·

183 1009 253 1081 pote
275 1000 402 1074 lemine,
422 1011 557 1064 naturam
579 1019 596 1064 a
615 1001 792 1064 feminarum
814 1001 890 1063 uitiis
911 1019 1032 1083 prorsus
1054 1001 1217 1063 imumuem
1239 999 1343 1062 babere

182 1101 228 1166 uix
244 1103 355 1186 potuita
375 1103 470 1184 aliqua
486 1104 619 1186 quamuis
633 1123 720 1187 parra
736 1123 839 1168 eornm
855 1105 969 1168 semina
984 1105 1072 1168 etiam
1089 1103 1119 1166 iu
1134 1103 1226 1184 ipsius
1241 1115 1343 1166 natura

183 1203 270 1268 insita
290 1205 381 1270 luisse
401 1223 522 1271 necesse
543 1216 603 1283 esta
623 1206 675 1270 sel
696 1207 780 1282 baec,
800 1217 958 1290 antequam
980 1222 1155 1290 apparerem
1169 1203 1258 1288 atque
1273 1208 1344 1269 ado·

183 1307 341 1384 ieseerent,
362 1309 466 1373 obrnla
488 1319 518 1373 et
537 1311 679 1396 extirpata
698 1319 783 1375 erent
802 1311 973 1376 dootinaneli
993 1311 1128 1374 avialilate
1149 1310 1287 1393 curisque
1301 1309 1344 1373 ui·

182 1411 293 1477 rilibos.

265 1517 334 1600 Cap.
362 1517 416 1592 lli,
443 1517 479 1583 7:
512 1518 610 1584 llaml
637 1538 783 1602 semper
807 1530 912 1586 errat
936 1518 1050 1594 inerma
1080 1517 1283 1602 aliquando
1309 1525 1343 1581 et

182 1621 300 1704 elegit.
330 1623 397 1688 uera
411 1624 556 1688 assentior
570 1625 595 1688 ai
612 1624 676 1706 uuis
692 1625 855 1709 perlectum
870 1626 926 1690 bue
940 1625 1050 1707 elegit
1065 1644 1119 1708 pro
1134 1625 1244 1688 aoriste
1260 1623 1303 1702 lb.
1317 1642 1342 1686 e.

181 1726 217 1790 ael
245 1728 339 1791 instar
365 1728 468 1792 aoriati
487 1729 681 1808 Graecorum)
705 1731 907 1812 accipientium
929 1751 993 1793 esse
1015 1739 1101 1812 neget
1120 1739 1150 1792 et
1170 1728 1270 1813 pmtius
1291 1745 1343 1811 pre

182 1831 312 1913 perlecto
328 1833 466 1910 (rectius,
488 1835 603 1917 opinor,
624 1853 678 1916 pro
693 1845 847 1917 praesento
862 1835 986 1898 actionis
1000 1835 1158 1916 perlectae)
1176 1833 1341 1896 leniaemlum

181 1935 268 1999 tlicst.
304 1935 379 1998 Nam
405 1937 485 2018 quod
511 1937 719 2018 cogitationem
739 1939 817 2002 hanc
836 1938 956 2002 suleesoe
977 1939 1073 2001 aioni:
1100 1937 1133 2000 id
1160 1936 1256 2018 quoii
1281 1956 1344 1999 ex·

181 2037 364 2119 parientia
390 2047 551 2103 constat:
581 2039 705 2104 ennelem
727 2041 935 2121 cogitationem
955 2041 1092 2123 equidem
1115 2039 1255 2102 ouanibus
1276 2039 1346 2102 locis

181 2139 303 2204 subesse
323 2141 466 2218 arbitror,
487 2142 537 2207 ubi
558 2143 722 2226 perlectum
743 2162 797 2226 pro
817 2143 925 2206 norisio
947 2142 1150 2226 accipiendum
1167 2163 1232 2204 esse
1246 2161 1345 2225 graue·

181 2243 281 2308 nmtici
296 2245 497 2311 consentiunt.
527 2245 629 2330 Neque
644 2247 723 2312 enim
739 2248 824 2312 aliter
839 2247 900 2310 lieri
916 2246 1022 2330 proluit,
1039 2256 1071 2310 ut
1086 2245 1187 2310 liraeei
1202 2245 1345 2309 auristmu

180 2370 269 2415 auum
289 2351 318 2416 b.
339 2373 365 2416 e.
387 2351 579 2436 praeleritum
602 2351 680 2416 uerbi
703 2361 838 2435 tempus,
858 2353 894 2416 ele
913 2370 945 2416 re
967 2350 1051 2434 uulgo
1074 2351 1135 2414 lieri
1157 2350 1241 2414 solita
1257 2369 1344 2415 usur·

182 2466 300 2540 parent,
321 2457 378 2522 nisi
393 2459 473 2542 quel
489 2457 547 2522 boc
561 2457 672 2540 ipsum,
696 2457 790 2520 solere
810 2455 918 2538 alirpuiel
935 2455 1014 2530 lieri,
1034 2455 1212 2537 experientia
1228 2456 1270 2520 rei
1286 2457 1342 2520 ium

180 2579 268 2644 saepe
282 2561 376 2628 iactae
391 2563 595 2646 cognoscitur:
611 2581 666 2626 nec
679 2561 771 2626 relect
786 2549 975 2646 rraaguo'pere,
996 2569 1097 2623 utrum
1112 2559 1236 2624 aalilalur
1249 2561 1344 2643 aliqua
1456 2647 1458 2652 ι
1547 2547 1548 2558 ’

181 2666 319 2731 disertior
332 2668 528 2751 experientiae
542 2667 601 2730 iam
613 2667 706 2730 iactae
718 2664 890 2748 siguilicatie
903 2669 969 2748 (per
980 2663 1204 2747 plerumque,
1220 2683 1342 2747 saepe,

179 2769 380 2851 aliqnando
395 2791 429 2834 ac
442 2771 579 2849 similia),
600 2789 637 2834 an
653 2771 724 2834 baec
738 2767 939 2832 subaudienda
954 2769 1180 2851 intelligentibus
1195 2769 1343 2850 relinqua·

179 2879 237 2935 tur.
269 2873 370 2957 itaque
390 2881 470 2940 recle
487 2875 613 2939 iiriteius
628 2873 664 2938 all
680 2874 798 2936 Sallust
814 2871 897 2935 Catil.
913 2891 939 2935 c.
955 2871 1007 2946 21,
1028 2873 1080 2946 12,
1099 2872 1136 2934 rie
1151 2871 1208 2935 boc
1223 2871 1343 2954 paerfecti

179 2993 235 3052 usu
255 2977 424 3062 disputans,
446 2981 526 3044 bunc
543 2979 642 3061 ipsum
662 2997 698 3042 ex
718 2977 851 3060 Agricola
873 2977 971 3039 locum
995 2989 1049 3058 pro
1068 2975 1204 3058 eaeurplo
1228 2974 1342 3058 posuit:

142 3135 146 3144 .
179 3079 215 3144 lle
236 3100 295 3162 quo
316 3091 350 3147 nt
371 3082 402 3147 in
422 3083 551 3147 etlitioue
571 3081 637 3146 iibri
657 3081 741 3146 aliter
762 3081 955 3160 intricarem),
977 3079 1120 3163 permovit
1135 3099 1204 3143 eum
1219 3081 1344 3144 ierlasse

178 3181 312 3268 bladrigii
331 3186 505 3262 anctorilas,
525 3187 577 3270 qui
596 3205 689 3270 quum
711 3203 772 3249 nou
791 3185 940 3248 immerito
957 3182 1079 3246 ll’alclrii
1101 3183 1287 3268 aliorumque
1308 3182 1344 3244 ale

178 3285 236 3350 boo
250 3289 370 3368 perlecti
385 3309 443 3355 usu
457 3310 573 3355 errores
588 3289 820 3374 reprehenderit,
836 3288 898 3370 ipse
913 3293 1013 3350 mmm
1028 3305 1127 3350 teram
1143 3288 1187 3352 rei
1198 3289 1342 3352 rationem

179 3389 301 3469 argutiis
323 3392 384 3456 suis
405 3393 581 3458 obscurasse
601 3393 695 3476 magis
710 3411 800 3476 quam
816 3391 977 3456 illustrasse
993 3390 1134 3456 dicendus
1149 3401 1205 3454 est.
1235 3391 1344 3475 Opuse.

180 3507 223 3553 ac.
240 3491 289 3555 alt.
306 3514 335 3576 p.
355 3497 414 3558 tta
429 3515 494 3578 sqq.

263 3595 333 3680 Cap.
348 3595 384 3672 x,
401 3597 437 3662 ³:
453 3599 498 3662 Et
512 3606 569 3662 eat
583 3617 620 3662 ea
635 3599 749 3663 iacies
764 3597 861 3662 citra
878 3596 1128 3670 Caledoniam,
1149 3596 1243 3659 uncle
1258 3603 1296 3660 et
1311 3595 1344 3658 in

177 3696 390 3764 universum
412 3701 507 3766 lama
525 3710 582 3765 eet
600 3701 856 3783 transgressis.
885 3699 1002 3764 Faciem
1023 3699 1093 3763 elicit
1113 3697 1256 3780 oblongae
1274 3715 1345 3762 scu·

177 3799 257 3866 tulae
277 3801 322 3866 rel
344 3803 465 3887 bipenni
481 3803 623 3878 similem,
644 3806 763 3888 qualem
778 3801 944 3867 llritanniae
959 3804 1088 3867 lerneam
1105 3801 1240 3866 nonuulli
1254 3801 1345 3865 tradi·

177 3903 296 3968 derant:
312 3907 364 3970 scal
380 3913 530 3993 postrema
546 3907 647 3973 rerba:
668 3907 704 3973 in
726 3907 932 3972 universum
948 3907 1041 3970 iauaa
1057 3917 1113 3971 est
1127 3915 1344 3988 transgres-

179 4007 247 4084 sio,
269 4007 396 4076 dubitari
418 4029 479 4076 non
500 4017 600 4095 petest
619 4013 691 4095 quin
706 4019 846 4094 corrupta
860 4011 930 4074 sint.
958 4003 1033 4074 iiam
1049 4010 1123 4074 baec
1136 4027 1241 4074 eorum
1254 4009 1346 4073 inter·

175 4113 316 4194 prelatio:
333 4115 405 4198 ‚alui
420 4135 457 4181 ex
471 4115 635 4180 continenti
649 4117 680 4180 in
689 4114 871 4180 Britanniam
882 4115 1058 4197 transgressi
1068 4121 1223 4192 sunt,eana
1234 4114 1345 4178 tamam

177 4213 214 4282 ‹la
235 4217 326 4283 telius
347 4217 460 4284 ineulm
482 4217 556 4284 nee
575 4219 758 4304 accipinnt‘·,
777 4217 895 4306 probari
909 4217 1027 4302 nequit,
1049 4219 1198 4304 siqnidem
1212 4235 1269 4284 nec
1282 4219 1345 4304 ipsa

246 4441 273 4503 t)
291 4441 321 4494 11.
332 4455 355 4494 ι.
370 4441 395 4494 la
407 4441 520 4494 elltlena
532 4439 627 4508 priua
639 4455 696 4494 ιιιι
708 4441 733 4494 1ι
744 4439 837 4506 altera,
848 4454 907 4493 ιιι.
922 4440 1208 4508 1615,ιιιι1ιιιιιι1ι
