3182 4962
162 572 389 658 exprobrarent,
415 573 496 657 qood
522 581 574 639 aut
599 574 764 658 ignorarem
783 582 836 641 aut
854 577 952 640 sciens
973 575 1193 641 dissimularem
1213 584 1330 641 veteres

163 677 230 741 illos
249 677 381 741 eiusdem
403 681 486 741 mlius
500 698 565 742 soso
581 679 723 744 libertatis
738 679 956 744 amantissimos
970 699 1089 765 semper
1103 681 1210 752 luisse,
1229 687 1330 743 tanto·
1430 685 1435 692 '

164 799 222 863 que
247 799 419 845 meorum
440 781 613 846 illustriores
634 793 723 864 atque
743 785 928 847 detentiores
948 783 1057 857 luisse,
1084 793 1196 865 quanto
1218 785 1329 847 maiore
1434 835 1442 846 ,

162 893 319 948 uterentur
343 885 486 948 libertate.
527 885 585 948 Sed
612 886 658 950 bis
683 887 802 968 quidem
830 897 973 968 quantum
994 905 1069 968 opem
1090 888 1147 950 luit
1161 887 1229 949 aiibi
1244 907 1261 948 a
1277 904 1327 950 ms

163 1005 340 1070 responsum
361 997 420 1050 est:
442 1005 521 1050 nunc
534 997 634 1051 autem
650 989 800 1052 dteeroum
815 1006 908 1070 genus
921 989 1029 1050 erroris
1046 988 1118 1050 mihi
1134 989 1324 1051 refutandum

163 1100 247 1174 puto,
263 1108 324 1153 non
338 1089 569 1154 semidoctorum
584 1093 782 1176 quorundam.
799 1094 900 1174 quates
915 1091 963 1154 isti
978 1097 1072 1164 erant,
1088 1091 1139 1152 sed
1152 1092 1205 1155 riri
1217 1093 1330 1155 doctis·

164 1193 240 1267 siml,
257 1193 307 1274 qui
321 1212 414 1276 quum
429 1193 466 1256 de
480 1194 588 1258 nimiae
604 1196 746 1260 libertatis
760 1195 972 1258 democraticae
985 1195 1069 1258 malis
1078 1214 1200 1277 prorsus
1209 1213 1326 1258 mecum

164 1299 343 1372 consentiat,
364 1308 535 1362 nostrorum
556 1308 656 1364 tamen
678 1301 832 1366 hominum
854 1301 951 1364 studia
972 1300 1199 1363 democraticaa
1216 1320 1263 1364 me
1279 1319 1330 1363 ro·

165 1401 309 1488 prehensa
328 1422 394 1465 esso
417 1403 550 1467 miratur.
585 1403 636 1468 Est
655 1405 681 1470 is
697 1405 786 1489 beop.
803 1405 1003 1472 Schmidtins.
1028 1405 1179 1488 professor
1194 1403 1329 1467 llorhur·

163 1506 273 1590 gensis.
288 1507 415 1590 scriptor
429 1509 684 1574 commentationis
701 1527 796 1593 nuper
811 1510 905 1574 editae
920 1509 956 1572 de
971 1507 1159 1572 Atheniensis
1174 1509 1215 1572 rei
1232 1507 1329 1590 publi·

165 1629 216 1674 cae
242 1611 339 1674 indole
366 1611 577 1674 democratira:
605 1613 635 1676 in
657 1615 762 1696 quaid
784 1613 971 1696 potissimum
993 1613 1066 1695 agit,
1092 1622 1125 1674 ut
1140 1611 1200 1674 duo
1215 1612 1330 1676 diversa

164 1733 264 1778 rerunt
281 1714 464 1799 publicarum
480 1733 597 1798 genera,
613 1717 754 1801 populare
768 1727 799 1780 et
814 1719 924 1798 regale,
947 1717 1047 1778 multis
1062 1715 1158 1778 modis
1173 1725 1272 1776 tamen
1287 1713 1331 1776 si·

165 1817 243 1882 milia
260 1819 337 1881 inter
351 1838 383 1882 se
397 1837 463 1882 csse
478 1819 628 1894 ostendat,
649 1839 742 1903 quum
758 1821 837 1903 quod
853 1821 882 1882 in
898 1823 990 1883 altero
1006 1819 1073 1893 rer,
1097 1819 1174 1882 idem
1191 1819 1221 1881 in
1235 1817 1330 1880 altero

164 1923 293 2004 populus
308 1921 364 1986 sibi
379 1921 514 1984 uindicet
544 1921 607 1985 lloc
620 1923 709 2004 igitur
724 1924 921 2006 particulatim
937 1933 1134 2005 pernoctans,
1157 1920 1208 1984 ubi
1223 1923 1259 1984 do
1274 1921 1332 1984 tri·

165 2025 307 2088 buturum
322 2042 357 2086 ac
371 2024 554 2104 vectigalium
570 2025 755 2089 ordinatione
770 2026 866 2107 deque
881 2027 964 2089 omni
979 2025 1120 2107 pecuniae
1136 2025 1268 2106 publicae
1283 2032 1332 2086 at·

166 2145 224 2208 que
244 2125 347 2190 aerarii
362 2125 580 2210 disponsatione
596 2127 735 2211 loquitur,
758 2147 847 2210 quant
864 2129 895 2192 in
910 2129 1087 2192 democratia
1104 2128 1231 2210 populus
1245 2127 1282 2190 ael
1297 2145 1332 2188 ss

165 2229 284 2293 trahere
305 2232 397 2305 solet,
424 2247 486 2293 non
506 2229 655 2294 immerito
671 2231 818 2314 vituperat
832 2233 975 2314 populum
991 2232 1219 2302 Atheniensem,
1245 2229 1331 2293 ouius

166 2331 288 2395 nimium
310 2331 347 2394 de
369 2333 512 2396 reditibus
533 2343 621 2416 atque
641 2335 777 2417 expensis
798 2335 972 2397 ‹lucernendi
988 2335 1156 2397 libertatern
1171 2333 1215 2394 rel
1231 2333 1331 2414 potius

165 2434 312 2498 licentiam
328 2435 363 2496 ad
379 2443 544 2497 calnomum
561 2435 654 2517 ipsam
670 2453 733 2499 rem
750 2435 897 2517 publicam
914 2455 1033 2518 possum
1049 2437 1165 2498 dedisse
1178 2436 1229 2497 ait.
1257 2433 1332 2496 llioc

166 2536 245 2598 enim
266 2535 384 2598 tlusisso
405 2535 468 2598 illas
488 2537 638 2600 sociorum
660 2539 846 2611 errationes,
873 2555 926 2620 per
940 2556 1014 2619 quas
1030 2537 1157 2600 manime
1174 2537 1332 2619 imperium

166 2635 348 2701 maritimum
364 2635 544 2701 Athenarum
566 2639 606 2702 sit
625 2658 778 2714 eversum,
800 2639 870 2702 hinc
890 2650 992 2722 postea
1007 2639 1109 2702 crehra
1125 2641 1233 2702 damna
1250 2639 1332 2701 locu·

166 2739 293 2823 pletibus
314 2738 408 2812 illata,
428 2741 499 2806 hinc
518 2743 717 2806 theoricorum
733 2763 767 2807 ac
782 2743 922 2806 similium
938 2743 1126 2824 largitionum
1144 2741 1333 2804 immodicam

166 2841 442 2926 amplificationem,
468 2845 538 2908 binc
562 2845 641 2910 illam
662 2846 766 2909 aerarii
789 2846 820 2908 in
840 2845 986 2908 lenissima
1008 2862 1142 2926 quaeque
1164 2841 1334 2906 edhndendi

166 2945 422 3020 consuetudinem.
439 2967 514 3030 quae
530 2948 619 3012 nimis
633 2948 684 3012 diu
700 2948 906 3012 benrosthonis
921 2947 1052 3009 consiliis
1067 2945 1225 3008 obstiterit.
1251 2946 1333 3020 Quae

167 3067 260 3133 quum
276 3050 314 3114 ita
329 3049 399 3126 sint,
414 3051 522 3133 inquit,
538 3069 599 3115 non
614 3052 686 3116 satis
700 3051 770 3114 illud
786 3051 887 3114 mirari
902 3067 1072 3134 possumus.
1083 3049 1163 3132 quod
1175 3049 1210 3112 G.
1221 3049 1333 3112 senoe-

168 3169 311 3226 maunus.
331 3151 383 3236 qui
402 3153 427 3217 oi
442 3153 508 3236 quis
523 3153 596 3216 alius
611 3153 798 3238 Atheniensis
813 3154 856 3217 rei
872 3153 1004 3236 publicae
1020 3152 1149 3216 indolem
1164 3158 1250 3216 acute
1265 3167 1333 3234 per·

167 3257 265 3340 spexit
294 3256 440 3338 doctoque
471 3257 622 3340 esposuit,
654 3256 691 3321 de
717 3266 837 3320 nostrae
863 3257 967 3322 aetatis
994 3256 1158 3320 rationibus
1183 3271 1279 3337 nuper
1303 3251 1334 3315 in

167 3359 424 3442 grammaticarum
440 3361 647 3442 quaestionum
664 3361 759 3444 capito
775 3361 872 3444 primo
888 3361 928 3424 ita
943 3359 1113 3442 disputarit,
1123 3369 1166 3432 ut,
1177 3359 1337 3422 immemor

168 3480 273 3528 eorum
294 3479 370 3545 quae
385 3462 574 3526 Atheniensis
594 3463 716 3528 historia
739 3464 841 3538 «locet,
868 3483 932 3526 cam
954 3461 1078 3527 civitatis
1098 3461 1226 3525 iornram
1247 3459 1334 3523 unice

167 3566 294 3651 probare
319 3565 468 3628 rideretur
489 3567 520 3628 in
543 3583 601 3650 qua
624 3566 661 3630 de
681 3568 804 3650 pecnnia
820 3565 934 3649 publica
950 3585 1005 3629 suo
1020 3563 1141 3628 arbitrio
1156 3565 1212 3627 soli
1226 3563 1335 3646 guber·

168 3679 273 3735 nautes
299 3669 470 3733 decernant.
500 3669 579 3733 llaec
603 3669 640 3732 ab
661 3691 698 3732 eo
718 3669 827 3752 scripta
846 3677 918 3731 sunt
939 3669 969 3731 in
984 3667 1062 3731 iilius
1077 3665 1336 3730 commentationis

168 3793 197 3858 p.
213 3773 274 3850 XV,
300 3791 335 3838 so
359 3771 463 3836 sellem
489 3791 545 3854 ego
571 3789 750 3855 magnopere
777 3771 935 3836 indicasset
961 3771 1050 3834 etiarn
1075 3771 1121 3833 eir
1145 3770 1337 3846 doctissimuq

169 3876 376 3960 quaestionum
402 3893 537 3940 mearum
562 3874 821 3958 grammaticarum
848 3894 908 3958 quo
928 3875 1048 3938 tandem
1069 3875 1135 3938 loco
1155 3891 1189 3936 ea
1209 3873 1337 3954 legisset,

169 3997 244 4064 quae
265 3999 314 4044 nse
329 3979 498 4064 scripsisse,
518 3987 628 4042 aut-
642 3978 879 4060 quandoquidem
896 3977 954 4040 hoc
967 3976 1033 4060 ipso
1048 3977 1139 4040 rerbo
1154 3995 1217 4040 nou
1231 3977 1337 4050 utitur,

168 4116 211 4132 -
224 4081 406 4165 otgntneosse
420 4083 526 4146 saltem
540 4081 649 4145 diceret
663 4081 715 4158 sie,
726 4091 760 4144 ut
774 4091 875 4164 patero
890 4079 944 4144 ista
956 4075 1104 4143 sententia
1117 4079 1218 4143 lectori
1227 4088 1339 4162 posset.

168 4185 258 4268 Atqui
278 4203 333 4268 ego
353 4183 434 4248 omni
448 4183 499 4248 illo
513 4183 609 4268 capite
623 4185 834 4267 quaestionum
850 4184 958 4248 iterum
974 4183 1142 4266 iterumque
1157 4181 1338 4266 perlustrato

169 4290 243 4356 nihil
258 4289 404 4355 eiusmodi
419 4287 559 4362 iuvenire,
570 4305 666 4371 neque
680 4306 825 4370 quosnam
841 4287 890 4351 ille
904 4293 956 4352 aut
971 4287 1073 4368 qtsslss
1087 4287 1339 4370 gubernantes

169 4395 261 4469 diost,
282 4393 402 4478 assequi
416 4393 516 4476 potui,
538 4390 596 4458 nisi
610 4393 698 4470 lorte,
721 4403 867 4474 quantum
882 4391 1005 4476 quidem
1019 4411 1056 4456 es
1071 4392 1128 4457 isla
1141 4389 1294 4476 popularis
1307 4397 1340 4458 et
