3166 4962
711 551 853 653 „aa

201 763 275 827 quae
289 743 358 808 buio
371 745 537 828 amphorae
551 763 576 808 s.
592 743 726 810 relationi
741 743 917 811 inservirent
930 744 1108 827 pronomina
1123 763 1184 808 non
1195 746 1260 823 alia,
1274 766 1365 832 quern

200 867 275 932 quae
295 849 383 912 etiarn
403 847 433 910 in
448 846 586 930 primaria
601 867 625 911 s.
642 850 753 914 oculari
774 847 1026 914 demonstratione
1047 849 1270 914 adhibebantur.
1307 851 1367 916 Sed

200 969 293 1034 quum
308 951 420 1014 lormae
435 970 539 1014 eorum
555 953 654 1034 plures
669 961 779 1028 essent,
797 954 888 1037 stirpe
904 953 1022 1036 quidem
1038 953 1153 1029 eadem,
1168 955 1219 1018 sod
1232 973 1367 1040 pronun·

200 1053 301 1118 tiendo
317 1054 393 1118 sarie
409 1063 600 1138 temperatae,
615 1055 737 1120 invaluit
751 1057 913 1139 paullatim,
928 1067 963 1120 ut
977 1057 1082 1121 barum
1097 1059 1169 1121 aliae
1184 1059 1368 1142 frequentius

200 1159 231 1222 in
245 1158 401 1242 primitiva,
424 1157 497 1220 aliae
512 1157 543 1220 in
557 1160 730 1223 secundaria
745 1181 769 1224 s.
784 1160 904 1225 relativa
919 1161 1172 1226 demonstratione
1187 1181 1368 1248 usurparen-

198 1271 257 1326 tur.
289 1263 382 1326 Sinin
396 1281 535 1325 sermone
551 1261 642 1324 latino
657 1281 750 1346 quum
766 1263 825 1327 duo
840 1273 940 1327 essent
950 1265 1128 1347 pronomina
1143 1281 1178 1330 ex
1189 1267 1294 1332 eodem
1306 1267 1368 1332 ele·

199 1375 302 1432 mento
318 1365 457 1448 gutturali
472 1375 549 1439 nata,
570 1367 697 1430 alterum
713 1367 792 1450 qui,
813 1365 843 1429 iu
859 1387 919 1450 quo
939 1371 1117 1450 gutturalom
1132 1389 1241 1434 sonum
1256 1371 1368 1438 labialis

199 1471 381 1536 semivocalis
401 1471 592 1555 temporabat.
615 1470 740 1534 alterum
760 1471 837 1545 bio,
863 1491 899 1536 ex
914 1472 1064 1555 primitivo
1079 1471 1117 1536 lsi
1132 1482 1243 1550 ortum,
1261 1475 1292 1539 iu
1307 1495 1367 1558 quo

199 1583 322 1662 propter
335 1575 481 1658 gutturales
497 1575 677 1638 elementum
699 1574 788 1638 etiam
803 1575 834 1638 in
850 1576 908 1639 line
925 1577 1059 1640 additum
1075 1577 1219 1642 suavioris
1234 1597 1368 1664 pronun·

199 1679 329 1744 tiationis
343 1699 430 1743 causa
445 1678 515 1741 illud
531 1677 640 1741 initiale
654 1677 684 1741 in
699 1679 907 1762 aspirationem
923 1681 1100 1762 abierat²⁰)‚
1124 1681 1231 1746 harum
1254 1682 1368 1747 forma·

200 1801 267 1847 rum
282 1784 374 1846 altera
389 1783 462 1857 bio,
477 1781 651 1867 plerumque
666 1781 697 1845 in
713 1783 851 1867 primaria
868 1793 994 1858 tantum,
1009 1785 1108 1860 altera,
1125 1786 1200 1868 qui,
1216 1785 1245 1848 in
1260 1804 1368 1850 secun·

200 1887 280 1951 daria
299 1905 324 1952 s.
339 1886 457 1951 relatiua
477 1885 731 1949 demonstratione
753 1887 890 1973 usurpari
904 1895 1009 1972 coepta
1023 1891 1084 1952 est¹
1097 1891 1135 1970 1).
1169 1889 1229 1953 Sed
1244 1890 1369 1954 eandem

200 1993 242 2005 D·-

202 2027 296 2097 possit,
316 2043 388 2080 neno
410 2027 520 2092 ignorat.
545 2023 649 2078 lleetios
665 2033 750 2080 antem
767 2027 799 2078 ab
811 2025 980 2096 Apolloniam
996 2025 1113 2080 doetrlaa
1131 2027 1273 2082 recedimus
1291 2029 1315 2082 io
1328 2045 1369 2097 eo,

200 2115 265 2185 quod
287 2110 319 2174 ὃς
338 2123 365 2168 et
385 2114 438 2183 spui
460 2113 571 2166 relativa
592 2113 668 2166 etiarn
686 2113 720 2166 ibi
738 2130 867 2178 voeanrun,
887 2114 930 2166 ubl
943 2131 991 2165 non
1005 2113 1085 2182 priori
1099 2114 1205 2168 notitlae
1218 2117 1370 2186 repetendae

201 2201 355 2266 inserviunt,
376 2201 419 2253 aed
440 2199 583 2252 adionetam
606 2201 653 2252 sibi
675 2201 713 2252 rei
734 2201 933 2268 designationem
954 2209 1072 2270 tanosrn
1085 2203 1268 2270 protasiaenus
1281 2203 1370 2257 subse·

201 2289 287 2358 quenti
300 2287 410 2341 nembro
423 2287 555 2356 apodotien
567 2294 728 2352 ronneetnnt,
741 2288 814 2339 vetos
834 2281 865 2346 ὅς
884 2304 914 2341 aa
936 2291 1015 2348 denir
1033 2284 1229 2356 intueturper.
1249 2283 1368 2360 pariles?

205 2369 576 2444 interemantque
595 2373 727 2442 quisquo
746 2374 1281 2429 noritarteminbaesooxereeat.
1305 2376 1369 2430 ll'ssn

200 2462 351 2532 Apollonius
364 2456 512 2532 sinopensis
524 2461 649 2514 notionem
663 2462 735 2516 nimis
747 2469 880 2530 angustato
892 2461 986 2528 babuit,
999 2463 1087 2532 quade
1097 2478 1125 2516 re
1134 2463 1189 2516 disi
1198 2463 1223 2516 in
1234 2461 1367 2517 bairands.

202 2550 233 2604 sd
247 2557 308 2603 vett.
322 2567 360 2616 pr.
375 2550 457 2603 doctr.
469 2551 500 2602 de
512 2549 587 2602 artie.
601 2566 623 2618 p.
636 2549 678 2602 2'l.
690 2550 732 2604 28.

273 2638 313 2702 tu)
331 2637 418 2706 lloppii
438 2637 503 2689 bane
523 2637 674 2688 sententiam
694 2651 752 2689 esse
773 2652 850 2705 sopra
868 2637 1015 2700 memoravi,
1035 2653 1108 2706 quarn
1120 2653 1195 2706 qoam
1206 2637 1368 2692 verissimam

201 2741 259 2778 esse
271 2725 387 2790 lodieem,
401 2723 464 2776 illud
476 2739 576 2792 quoque¹
586 2739 624 2774 me
637 2723 755 2792 ampleeti
768 2732 885 2793 apparet,
901 2725 967 2793 qnod
980 2723 1047 2776 idom
1059 2725 1100 2776 vir
1112 2741 1224 2777 summas
1236 2741 1259 2794 p.
1273 2725 1322 2778 212
1335 2741 1369 2779 es

201 2811 351 2882 particulam
373 2811 434 2864 nibil
455 2809 524 2863 aliud
545 2825 602 2862 esse
624 2810 669 2876 alt,
690 2809 1239 2879 spussnqoeolensentolabislidostitntnm.
1265 2811 1369 2866 nouitas

201 2899 299 2969 quidem
312 2897 504 2960 Hammonios,
521 2897 552 2948 de
564 2893 666 2950 dialect.
679 2895 735 2950 ltal.
748 2915 771 2966 p.
785 2897 848 2962 269,
865 2898 910 2950 sed
923 2897 1029 2962 iniuria,
1042 2903 1069 2950 nt
1082 2897 1204 2949 arbitror.
1227 2895 1291 2950 liam
1302 2899 1369 2968 quod
1402 2885 1405 2892 ’

202 2985 304 3048 obiicit,
324 2985 362 3036 ale
374 2983 456 3036 0seoa
476 2983 503 3036 in
524 2981 577 3035 illis
595 2981 683 3036 iorsnis
700 2984 855 3051 pronominis
873 2983 1078 3050 demonstrativi,
1099 2999 1161 3052 quas
1178 2999 1265 3050 supra,
1277 2992 1330 3037 not.
1345 2986 1369 3055 a,

201 3071 283 3138 posui,
304 3087 351 3124 non
371 3070 389 3123 lr
408 3071 453 3124 sed
464 3087 482 3141 p
494 3071 703 3138 pronuntiaturos
716 3070 805 3136 luisse,
825 3071 874 3124 laos
886 3071 922 3124 ita
934 3069 1128 3134 renovabimus,
1140 3077 1168 3123 nt
1179 3071 1292 3124 dieamus
1306 3069 1369 3125 illud

201 3158 332 3224 puttarale
352 3157 377 3223 la,
398 3157 422 3210 in
444 3158 529 3226 priseo
551 3159 596 3212 illo
617 3174 743 3224 sermone,
763 3159 827 3210 unde
849 3165 876 3212 et
896 3173 956 3210 oaou
977 3165 1004 3210 et
1019 3156 1099 3209 latins
1117 3154 1204 3222 linpua
1217 3166 1369 3226 artsesunt,

202 3261 291 3314 purum
308 3253 335 3298 et
346 3245 441 3314 absque
452 3245 539 3298 labisli
551 3246 676 3299 elemento
689 3247 715 3298 in
727 3245 858 3312 primitiva
870 3261 892 3298 a.
905 3243 1016 3308 oeulari,
1032 3259 1089 3296 enm
1101 3258 1131 3295 eo
1144 3251 1228 3296 antem
1240 3245 1266 3296 in
1277 3260 1370 3297 secun·

202 3333 274 3386 daria
293 3349 315 3386 s.
336 3335 445 3387 relatiua
467 3333 682 3386 demonstratione
703 3332 823 3399 usurpari
845 3331 947 3384 solitum
965 3330 1053 3395 inisse,
1073 3329 1256 3396 atqnebinein
1269 3331 1371 3384 demon·

202 3419 322 3472 strativis
342 3421 441 3486 quidem
462 3419 564 3486 proprie
585 3419 662 3472 dietis
675 3421 756 3472 0seos
776 3434 875 3488 qnoque
895 3419 994 3484 pariter
1010 3433 1083 3485 quana
1096 3415 1203 3468 Latinos
1216 3419 1371 3482 puttnrslens

203 3520 290 3572 param
308 3521 460 3572 usurpasse,
477 3507 502 3558 in
520 3505 637 3559 relativis
653 3513 736 3558 autem
754 3513 781 3558 et
793 3505 931 3557 iodellnitis
944 3519 976 3556 ex
989 3521 1021 3570 qn
1034 3519 1056 3556 s.
1069 3499 1203 3556 traiecisse
1217 3500 1333 3554 labialem
1343 3520 1371 3574 p.

201 3589 264 3645 Nan
281 3607 449 3662 poaeenmspne
467 3593 613 3659 pronomina
632 3601 676 3644 aut
688 3589 872 3660 pronominalis
884 3591 949 3658 apud
963 3591 1072 3660 barosp
1085 3589 1191 3656 babent,
1208 3604 1258 3640 non
1269 3589 1372 3642 demon·

200 3679 312 3734 atrativa
326 3680 429 3747 propris
440 3680 518 3746 dieta,
531 3679 575 3733 sed
587 3679 699 3733 relativa
710 3687 755 3732 ant
766 3679 844 3732 etiam
857 3677 987 3732 indellnita
999 3683 1066 3730 sunt.

272 3767 313 3830 ll)
332 3767 419 3820 Simile
441 3767 499 3837 qaid
521 3769 547 3820 in
565 3782 657 3835 praees
675 3767 761 3834 linpna
778 3764 872 3818 laetum
883 3779 916 3818 en
929 3764 1071 3818 llonserieia
1083 3761 1237 3816 carminibus
1250 3761 1372 3827 eopnosoi

201 3860 298 3922 potest,
320 3855 344 3907 in
360 3855 451 3923 qulbus
468 3869 542 3924 quom
561 3871 697 3921 pronomen
714 3848 746 3912 ὅς
762 3853 834 3906 modo
846 3852 882 3906 sit
894 3853 911 3905 i.
923 3869 946 3920 q.
958 3852 1008 3905 bie
1020 3867 1046 3904 s.
1060 3849 1133 3916 ille,
1153 3849 1228 3902 ruodo
1241 3856 1325 3901 autern
1336 3869 1372 3895 ιι

201 3941 268 4010 psi,
286 3956 408 4008 persaepe
426 3949 523 4006 tamen,
539 3941 582 3994 abi
594 3941 643 3993 boe
655 3956 730 3994 sensu
744 3947 890 4006 usurpator,
908 3955 955 4005 pro
967 3937 1126 4004 aspiratione
1137 3951 1273 3988 eonsonnsn
1286 3936 1371 4001 potins

201 4041 228 4080 s.
240 4028 419 4080 semivocalem
430 4027 451 4096 p·
460 4026 540 4081 laissa
552 4037 660 4082 metron
673 4027 767 4092 sepsit.
791 4023 830 4078 Cl'.
843 4025 1007 4092 Savelsberp.
1019 4023 1045 4076 in
1057 4021 1189 4076 liubniana
1203 4019 1305 4092 spllope
1316 4019 1372 4074 vul

203 4129 227 4181 p.
240 4113 300 4167 402.
324 4115 441 4168 Attamen
462 4115 581 4182 primitas
602 4116 667 4168 bane
685 4111 790 4168 lernam
807 4113 971 4182 pronominis,
991 4125 1056 4181 qnae
1072 4124 1211 4163 aeonsnna
1223 4107 1373 4162 sensisoeali

204 4199 327 4266 inciperet
338 4215 389 4254 ser.
399 4198 467 4267 jas,
483 4217 523 4268 pr.
536 4201 606 4270 joa,
620 4217 743 4270 nonquam
755 4202 780 4254 io
794 4199 932 4267 primitis-a,
944 4199 989 4252 sed
1001 4211 1103 4264 seraper
1115 4196 1140 4248 in
1152 4195 1303 4248 secundaria
1315 4203 1373 4248 tan-

203 4293 256 4338 tum
268 4303 290 4338 s.
302 4286 411 4342 relativa
423 4287 641 4341 demonstratione
653 4295 799 4355 usurpatam
812 4301 882 4352 esse,
899 4283 1106 4355 quemadmodum
1119 4281 1191 4335 multi
1204 4279 1306 4350 volout,
1322 4299 1372 4335 non

202 4371 314 4426 addaces
333 4381 363 4426 nt
381 4374 492 4426 eredars.
519 4373 554 4426 Et
574 4375 600 4428 ln
616 4373 729 4428 Zesdiea
745 4373 833 4439 linpua
849 4387 906 4442 pas
923 4371 999 4424 etiam
1010 4368 1249 4434 demonstrativam,
1268 4369 1294 4420 b.
1307 4383 1330 4421 e.
1343 4375 1372 4420 nt

203 4459 325 4525 arbitror,
341 4459 484 4528 primitivae
500 4461 724 4515 demonstrationis
741 4463 877 4528 pron'oasen
894 4472 952 4510 esse
964 4456 1072 4524 lioppius
1084 4458 1160 4510 doeat
1170 4455 1196 4525 ἦ.
1209 4453 1273 4508 ³8³2
1291 4469 1372 4522 napus

204 4545 281 4600 aliter
292 4560 321 4600 ss
331 4545 459 4614 labetjis
470 4545 496 4598 in
508 4544 595 4614 lispns
606 4547 765 4612 bananias,
777 4547 809 4599 ds
821 4560 879 4613 pua.
892 4550 995 4612 praeter
1007 4543 1135 4610 lloppium,
1146 4541 1180 4598 oi.
1193 4541 1270 4598 attan
1280 4541 1371 4596 Snitlt.

202 4633 230 4687 la
239 4631 304 4686 diss.
315 4632 347 4686 ele
357 4631 421 4686 loeis
432 4631 581 4701 quantu
591 4633 653 4700 lisp.
666 4632 730 4686 bats
742 4641 771 4688 st
781 4631 852 4684 stae.
864 4627 896 4683 lll
910 4629 1032 4696 (bassim
1046 4629 1124 4694 tusa)
1136 4645 1162 4697 p.
1176 4629 1219 4682 28.
