3166 4962
620 427 770 528 ..ffl-

115 619 190 682 libus
205 637 281 702 quoe
295 617 501 702 impersonalia
515 619 572 682 diei
585 620 706 700 soient),
727 609 850 702 καρίως
870 608 941 680 det
963 607 1101 692 ιε’·θείας
1120 609 1181 702 rije
1195 634 1280 697 προ-

116 717 245 786 δλεααιν
265 715 404 801 ἔχουσιν,
426 723 537 786 oeilioet
556 723 594 786 ab
614 721 768 796 infinitivo,
788 721 839 805 qui
859 741 953 806 quum
973 719 1103 784 nominis
1120 719 1212 782 instar
1226 718 1276 794 sit,

114 825 203 890 otiam
214 846 337 892 mettum
351 826 463 890 vicibus
474 826 614 909 iungitur.
626 861 668 874 -
680 827 773 891 Porro
787 837 887 890 auteur
904 825 981 908 apud
996 823 1182 908 Apollonium
1197 839 1224 885 τ.
1242 820 1280 886 18

116 929 191 994 htteo
204 929 312 1013 scriptu
326 939 413 994 suut:
427 923 499 995 ἔστι
514 931 591 1013 γοῦν
605 925 663 994 καί
677 926 717 994 ed
732 932 822 1016 ῥῆμα
837 922 893 992 ὅτε
908 923 1036 1014 φθάνει
1048 921 1132 988 ποτὲ
1146 918 1205 988 ε’πί
1220 919 1280 1009 τήν

117 1023 255 1098 εὐθεῖαν
285 1029 346 1096 τοῦ
378 1024 555 1113 δνδματος,
588 1029 646 1100 καί
677 1031 718 1097 od
743 1033 925 1118 τηνικαῦτα
952 1023 1207 1110 καταλαβέσθαι
1238 1023 1280 1091 τδ

118 1128 363 1221 ιίπαρίμρνατον
387 1128 433 1212 αῖς
453 1129 513 1200 οὐκ
538 1131 629 1202 ἔστιν
651 1129 802 1212 εδθείας,
825 1127 1157 1220 α’ντιμετειλρμμίνον
1172 1125 1211 1194 δὲ
1232 1122 1281 1206 είς

118 1230 316 1322 αίτιατικνῑν,
330 1257 416 1322 quoe,
432 1259 524 1322 quum
540 1241 577 1304 de
591 1241 746 1312 renuntio,
761 1241 856 1322 quotis
870 1257 935 1302 εεεε
949 1238 1063 1311 debeat,
1078 1234 1205 1298 dubitari
1219 1252 1281 1296 ooo

117 1343 221 1425 possit.
235 1342 265 1404 itt
281 1343 359 1405 huno
374 1343 435 1406 iere
449 1343 571 1406 modum
586 1343 753 1424 retingenda
763 1343 916 1404 ridentur:
932 1333 1004 1404 ε”στι
1019 1335 1162 1422 redemi
1175 1327 1282 1400 ὁπότε

118 1440 158 1507 oti
179 1445 268 1530 ῥῆμα
289 1439 417 1528 φθάνει
438 1439 498 1510 det
518 1442 577 1531 τὴν
597 1439 734 1510 temtor
757 1445 818 1506 τοῦ
843 1435 1021 1524 δνδματος,
1049 1439 1108 1506 καί
1129 1437 1168 1506 τδ
1192 1461 1280 1526 reet-

117 1543 224 1609 καῖτα
247 1539 499 1629 καταλαβέσθαι
521 1544 589 1610 κτλ.
619 1548 760 1621 Verbum,
775 1547 880 1629 inquit,
902 1546 981 1627 quod
997 1547 1144 1610 deiectum
1160 1546 1278 1620 inutoet,

118 1652 144 1714 oi
165 1649 284 1734 quoodo
306 1667 374 1712 oum
396 1649 577 1712 nominativo
593 1650 715 1713 tdiouius
731 1651 859 1712 nominis
874 1649 1073 1723 mustrttitur‚
1094 1649 1133 1712 itt
1147 1650 1282 1712 unimod-

119 1755 191 1817 verti
206 1761 305 1836 potest
319 1751 495 1815 infinitivum
510 1753 686 1830 accusativo,
701 1771 762 1815 non
774 1753 956 1815 nominativo
970 1771 1041 1815 ousu
1052 1753 1133 1834 poni,
1147 1763 1181 1814 ut
1191 1753 1217 1814 oi
1228 1771 1283 1834 pro

120 1857 262 1920 infinitivo
277 1871 389 1917 nomeu
404 1853 517 1917 verbale
531 1853 702 1918 dedimbiio
715 1855 920 1928 substituatur,
932 1861 1011 1916 vetut
1026 1845 1214 1934 περίπατος
1228 1871 1282 1936 pro

119 1956 334 2038 περιπατεῖν,
355 1974 417 2020 nott
439 1949 458 2018 δ
479 1947 666 2038 περίπατος
685 1957 843 2020 dicendum
864 1957 918 2030 rit,
939 1956 991 2018 oed
1011 1951 1069 2018 τδν
1088 1955 1283 2039 περίπατον,

119 2061 207 2124 veluti
230 2049 412 2123 α’πολείπει
427 2049 653 2134 Ἀπολλώνιος
677 2055 735 2121 τὸν
754 2059 950 2139 περίπατον.
995 2059 1097 2140 tuque
1117 2077 1210 2140 quum
1233 2053 1287 2122 δεῖ

119 2164 246 2228 eimiiem
262 2168 351 2244 utque
367 2152 552 2224 α’πολείπει
567 2160 810 2241 significationem
826 2161 945 2236 temet.
965 2161 1054 2224 etiam
1069 2162 1113 2224 uio
1126 2161 1183 2224 dici
1198 2181 1285 2242 poseo

120 2267 176 2330 uit:
204 2263 257 2328 dei
273 2255 499 2340 Ἀπολλοίνιος
522 2260 579 2328 τὸν
604 2265 807 2348 περίπατον,
828 2265 907 2347 quod
922 2265 1090 2346 exemptum
1107 2264 1183 2327 iutra
1199 2283 1225 2326 ν.
1241 2261 1284 2326 26

120 2370 235 2450 legitur.
281 2367 339 2431 Sed
362 2367 402 2430 ibi
422 2387 498 2450 quoe
519 2367 653 2450 proxime
673 2369 863 2442 ooteeoduut,
883 2359 968 2430 α’λλδ
989 2361 1046 2429 καί
1062 2359 1081 2429 δ
1097 2360 1287 2446 περίπατος

121 2465 156 2536 δν
170 2467 219 2556 τῷ
233 2463 357 2556 ῥήματι
373 2463 543 2551 γενόμενος
564 2469 607 2544 (it.
623 2489 649 2532 e.
672 2469 697 2531 oi
719 2468 907 2549 περίπατος
928 2469 1008 2532 νεεΙιί
1032 2469 1198 2532 subiectum
1222 2468 1286 2546 eit),

122 2566 313 2660 αῖτιατικήν
333 2571 514 2654 μεταποιεῖ
533 2567 592 2636 τὸν
605 2563 839 2650 Ἀπολλώνιον,
863 2563 909 2650 ὥς
930 2564 961 2637 ei
985 2565 1041 2636 καί
1067 2563 1149 2635 deod
1175 2565 1215 2635 τδ
1234 2567 1289 2634 δεῖ

123 2667 384 2759 δντιμεταλδβοι
407 2675 482 2752 (ocii.
498 2667 518 2740 ὁ
535 2667 734 2758 περίπατος)
758 2666 832 2742 α’ντὶ
850 2673 908 2741 τοῦ
928 2673 1037 2742 λείπει
1063 2676 1119 2753 (εῖτ
1137 2675 1216 2738 enim
1231 2693 1287 2758 pro

124 2777 253 2846 λείπειν
267 2779 455 2844 scribendum
471 2783 541 2856 est),
564 2781 636 2846 hoec
650 2783 688 2846 ob
703 2783 760 2847 hoe
775 2784 840 2846 loeo
855 2781 949 2846 atiena
964 2801 1028 2844 esse
1043 2791 1179 2863 opporet3
1193 2779 1287 2862 perti·

122 2893 195 2948 nent
209 2885 287 2946 enim
303 2884 339 2946 od
355 2885 502 2949 diversum
517 2885 747 2950 constructionis
761 2905 863 2970 genus,
880 2887 910 2950 iu
925 2905 985 2970 quo
1000 2902 1109 2948 nomeu
1125 2900 1196 2956 uon,
1211 2892 1246 2946 ut
1256 2883 1288 2946 iu

126 2989 175 3052 iilo
190 2988 337 3070 exemplo,
353 2987 529 3062 subiectum,
545 2988 597 3052 sed
613 2989 762 3054 obiectum
779 2989 868 3064 uerbi,
889 2991 1014 3072 ideoque
1028 3005 1089 3052 nott
1104 2985 1287 3051 nominativo

122 3091 173 3157 oed
186 3091 352 3157 ooousotivo
363 3111 433 3156 cmo
444 3094 616 3177 ponentem
629 3103 683 3159 ott.
710 3097 838 3178 Apparet
849 3093 938 3177 igitur
948 3091 1175 3178 trttupoeitiooo
1188 3091 1287 3156 iocum

122 3195 286 3262 sonandum
308 3217 384 3272 osee,
407 3205 441 3262 ut
456 3197 513 3262 itoo
527 3198 696 3284 exemplum
713 3195 765 3264 dei
775 3189 1003 3277 Ἀπολλώνιος
1022 3193 1082 3262 τίν
1101 3187 1289 3278 περίπατον

122 3301 221 3366 stetim
237 3301 433 3385 subiungatur
452 3301 492 3368 iiii
514 3303 608 3380 ettert,
635 3305 714 3388 quod
738 3315 785 3370 eet
805 3323 831 3370 ν.
848 3303 899 3381 23,
926 3295 1109 3370 ἀπολείπει
1130 3293 1208 3369 Ἅπ.
1229 3295 1290 3365 τόν

120 3396 316 3486 περίπατον.
340 3425 394 3488 [πο
410 3425 446 3470 eo
461 3414 572 3482 tutum,
592 3407 673 3490 quod
689 3427 769 3474 nune
784 3429 810 3472 ν.
826 3409 868 3473 uu
883 3407 998 3492 iegitur,
1017 3407 1206 3474 scribendum
1221 3423 1288 3469 erse

121 3498 406 3572 δεῖἍπολλαίνιον
420 3499 440 3572 ὁ
456 3509 652 3592 περίπατος.
668 3545 711 3558 -
728 3513 824 3576 Etiam
840 3533 916 3596 quoe
931 3531 1021 3596 porro
1035 3521 1211 3595 oequuotur.
1234 3527 1289 3574 uo-
1360 3575 1367 3584 ,

120 3629 177 3693 quo
197 3612 233 3674 td
245 3630 271 3676 ν.
289 3611 346 3686 ut,
368 3611 530 3676 admodum
550 3613 721 3696 perturbato
740 3627 825 3680 eunt:
846 3615 899 3679 sed
919 3616 1035 3698 gratior
1054 3613 1222 3699 oormpteiu
1241 3621 1290 3677 est

119 3733 209 3798 quom
225 3713 271 3778 eui
286 3713 455 3780 oonieeturo
472 3715 583 3780 mederi
598 3717 703 3800 poerit.
737 3718 800 3782 iioe
813 3728 930 3782 tontum
946 3719 1058 3801 liquere
1072 3719 1213 3793 erutuet.
1233 3735 1288 3801 pro

119 3809 149 3882 ei
164 3818 221 3884 καί
234 3837 261 3881 ν.
274 3817 314 3880 27
329 3819 521 3884 scribendum
536 3840 603 3884 etse
617 3811 653 3884 εί
664 3839 731 3897 τιςε
748 3821 854 3884 deindo
868 3823 1058 3906 Apollonium
1074 3823 1208 3887 locutum
1222 3840 1289 3886 εττε

117 3923 154 3986 δε
165 3923 386 3987 construetione
398 3923 505 4008 patriti
518 3917 630 3989 δέεται
641 3943 709 3988 eum
721 3925 902 3990 nominatim
911 3927 1054 4002 neminie,
1069 3945 1290 4010 eumquoooru·

120 4025 255 4110 potuisse
272 4046 340 4092 oum
355 4029 445 4092 attere
456 4007 685 4093 itinerandi
698 4020 1134 4113 περιπιίτονἍπολλοίνιος,
1144 4031 1289 4114 quemad·

119 4129 243 4194 modum
262 4131 299 4194 de
313 4139 426 4196 eonttr.
442 4131 492 4206 ΙΙΙ,
507 4130 548 4195 32
569 4149 599 4214 ρ.
615 4131 689 4206 289,
711 4131 754 4195 tu
775 4125 898 4214 δέομαι
917 4129 978 4197 uoti
999 4135 1211 4218 iuterpretatur
1229 4134 1291 4221 τῆς

120 4232 183 4316 τῆς
209 4225 378 4318 βοηθείας
404 4225 578 4316 λείπομαι.
629 4235 760 4320 Denique
792 4257 819 4300 ν.
841 4237 882 4302 dt)
911 4247 979 4322 poet
1008 4231 1114 4315 οὕτως
1145 4237 1289 4303 ετοῖδῖετε

121 4339 291 4422 exemptum
306 4337 486 4414 huiusmodi,
502 4333 555 4402 δεῖ
568 4330 949 4424 γρδφιινᾍπολῖοίνιον,
971 4341 1029 4406 iem
1045 4341 1211 4408 Strtecritt
1224 4343 1291 4408 oui·

118 4441 287 4507 modterdt.
298 4475 339 4490 -
356 4441 450 4506 Porro
464 4461 494 4526 p.
510 4441 586 4518 541,
601 4443 642 4506 ot
659 4441 780 4526 iegitur:
802 4435 888 4508 etate
902 4437 960 4510 καί
974 4440 1073 4510 τοῖτο
1088 4435 1290 4536 ἀπεδείχθη,
