3186 4958
763 500 913 601 ...222

258 689 383 757 insecuti
409 697 480 756 aunt
498 689 606 765 Stoici.
632 689 683 773 epti
714 709 805 772 quum
833 693 963 775 quinque
987 699 1087 776 portes
1113 693 1256 760 orationis
1281 713 1422 760 numera·

257 803 333 871 teat,
364 784 482 876 ὄνομα,
505 793 737 880 προσηγορίαν,
760 792 857 881 ῥῆμα,
880 787 1017 878 ὄρθρον,
1040 787 1230 878 σύνδεσμον,
1256 799 1423 881 diligentius

257 899 345 962 etiam
366 898 394 962 id
415 916 535 981 opernm
557 885 711 970 iniierunt,
738 907 772 962 ut
793 899 821 962 in
842 899 895 962 itas
917 899 1047 982 quinquo
1071 909 1168 982 partes
1183 919 1303 964 omnem
1318 902 1423 967 situum

258 1001 464 1064 vocabulorum
485 1011 565 1065 certo
586 1001 700 1064 ratione
720 1000 916 1082 dispertirem.
948 1002 1049 1084 itaquo
1070 1021 1163 1084 uuum
1182 1003 1212 1064 in
1228 1004 1423 1084 paraeutcando

257 1112 373 1186 practer
386 1123 430 1176 ea,
446 1123 521 1185 quac
537 1111 653 1186 tempus
668 1103 878 1185 atisigniticant‚
899 1105 986 1167 ctiam
1008 1105 1063 1168 alia
1086 1106 1177 1168 muita
1191 1107 1327 1187 ustupeni
1342 1107 1424 1170 vide·

256 1215 333 1279 rent‚
348 1205 378 1268 in
394 1205 501 1288 quihus
516 1224 576 1269 non
592 1225 694 1290 patto-a,
710 1225 785 1288 qum
802 1224 952 1288 nunquam
969 1209 1031 1270 iere
1047 1209 1103 1271 nisi
1119 1210 1148 1270 in
1163 1209 1357 1290 praedicando
1369 1209 1423 1272 ati·

256 1307 438 1384 biberentur,
452 1327 606 1391 quumque
620 1310 731 1372 nuttnm
747 1309 893 1373 rationem
910 1329 975 1374 esso
990 1315 1155 1382 censerent,
1170 1329 1224 1374 cur
1236 1312 1309 1376 hacc
1321 1331 1379 1376 non
1393 1313 1423 1376 in

256 1411 359 1476 catium
375 1431 441 1474 cum
458 1411 513 1474 tuta
529 1420 612 1494 patto
627 1417 815 1492 ponerentur,
832 1413 862 1475 in
878 1413 1048 1476 delinitione
1061 1407 1213 1498 ῥήματος,
1230 1433 1290 1496 quo
1301 1415 1422 1480 nominc

257 1513 448 1588 haecomnia,
463 1533 538 1596 quae
553 1515 738 1598 praedicandi
751 1515 809 1578 vim
823 1516 941 1588 innitent,
957 1515 1102 1598 complexi
1114 1523 1194 1591 suat,
1211 1517 1353 1580 hactenus
1366 1518 1423 1581 sibi

256 1616 464 1680 abstinente
490 1617 699 1680 etiamtiemlum
725 1639 792 1680 esse
817 1617 1032 1692 intellexeruut,
1059 1628 1092 1681 ut
1113 1618 1192 1680 iliam
1213 1621 1354 1700 temporis
1369 1621 1422 1682 ad-

256 1717 509 1800 significationcm.
536 1739 610 1802 qnae
629 1721 718 1783 unius
737 1729 855 1784 tantum
877 1719 991 1800 penoris
1008 1721 1124 1801 propria
1140 1727 1227 1792 essct,
1243 1721 1423 1784 omitterent.

257 1820 365 1884 Extant
379 1831 478 1885 autem
494 1821 569 1884 duae
585 1815 730 1906 ῥήματος
745 1823 931 1885 definitiones
947 1822 1115 1884 Stoicorum
1132 1842 1147 1884 a
1164 1823 1291 1904 Diogene
1306 1823 1423 1886 Laertio

257 1923 316 1996 vlt,
333 1923 374 1987 58
396 1933 655 1996 commemoratae,
675 1923 764 1986 altera
782 1925 917 2006 Diogenis
933 1924 1109 2006 (Boitpionii)
1129 1924 1215 1987 hauc:
1239 1917 1329 2007 ῥῆμά
1351 1919 1424 1989 ἐστι

256 2019 357 2111 μέρος
383 2021 484 2110 λόγου
510 2027 670 2112 σημαῖνον
698 2017 882 2090 α’σόνθττον
911 2021 1140 2110 κατηγόρημα,
1164 2029 1254 2090 altura
1280 2027 1421 2090 oliorum:

143 2194 147 2202 ,
258 2121 348 2212 §ppei
370 2123 440 2191 iou
457 2130 622 2208 στοιχεῖον
643 2119 741 2209 λόγου
756 2119 912 2190 ἶν’ντταντον
927 2121 1087 2210 σημαῖνόν
1100 2147 1134 2190 τι
1150 2124 1329 2189 συντακτὸν
1343 2122 1425 2212 ansol

257 2248 349 2305 τινος
370 2219 392 2316 ἢ
412 2226 519 2293 τινῶν.
554 2231 664 2292 ΙΙατυτο
688 2241 823 2294 neutram
845 2231 887 2294 nic
906 2237 1105 2312 comparatam
1121 2249 1187 2291 esso
1201 2229 1368 2304 fatebimur,
1389 2238 1424 2294 ut

258 2349 320 2394 non
334 2333 422 2394 ctiam
439 2333 467 2394 in
483 2333 545 2404 aiia,
560 2351 648 2415 quam
666 2351 740 2413 quae
754 2352 770 2394 a
785 2333 984 2414 grammaticis
1000 2331 1116 2413 proprio
1132 2323 1264 2413 ῥήματα
1275 2332 1422 2405 dicuntur,

259 2434 414 2498 convenire
429 2435 531 2516 poscit.
563 2435 637 2498 Num
656 2435 681 2497 si
696 2429 910 2520 κατηγόρημα
925 2443 970 2496 cst
984 2433 1126 2514 quidquid
1143 2434 1178 2494 dc
1194 2433 1294 2514 aliquo
1306 2435 1422 2515 praetii-

220 2527 222 2532 ’
257 2545 351 2609 catur,
371 2530 459 2612 λέξις
480 2530 695 2620 κατηγόρημα
716 2537 921 2620 σημαίνουσα
944 2554 1034 2598 omne
1056 2534 1229 2598 uocabulum
1245 2535 1302 2599 ‹iici
1317 2537 1423 2617 potuit,

257 2637 336 2718 quod
356 2645 477 2718 propter
492 2637 735 2718 significationem
751 2637 908 2721 praedicati
922 2655 990 2720 pars
1005 2635 1107 2699 habori
1123 2635 1218 2699 debet.
1248 2637 1319 2700 'l'alo
1333 2657 1421 2702 voca-

256 2737 360 2801 bulum
381 2737 406 2800 si
421 2738 452 2800 in
467 2739 667 2802 enuntiatione
682 2757 735 2820 per
749 2739 886 2821 copulam
902 2737 1035 2801 subiecto
1051 2736 1227 2815 adiungitur,
1253 2730 1421 2814 ου’νθττον,

255 2849 337 2904 extra
352 2840 583 2903 enuntiationem
605 2831 788 2904 ἀσύνθετον
809 2833 1020 2923 κατηγόρημα
1040 2846 1096 2900 est.
1123 2836 1225 2918 Neque
1246 2835 1424 2902 συντακτὸν

256 2942 286 3005 in
305 2941 396 3004 nitere
416 2939 587 3002 definitione
608 2941 686 3004 aliud
702 2941 771 3021 quid
786 2941 938 3023 significat,
958 2959 1047 3022 cluam
1063 2958 1153 3020 posse
1175 2937 1319 3001 eiusmodi
1335 2957 1423 3002 uoca-

255 3043 359 3108 tutum
374 3042 594 3106 constructione
609 3042 652 3106 sic
666 3061 733 3104 cum
750 3041 883 3104 subiecto
898 3039 1048 3122 componi,
1064 3048 1098 3101 ut
1112 3037 1221 3120 aliquid
1237 3040 1274 3102 tic
1289 3059 1325 3102 eo
1337 3059 1423 3121 prac-

255 3146 378 3210 dicotur.
402 3147 480 3208 Sunt
494 3151 593 3208 autem
610 3145 682 3206 hacc
695 3138 958 3227 κατηγορήματα,
972 3141 1197 3224 paractericum,
1213 3160 1288 3222 quae
1301 3145 1424 3224 copulae

255 3247 314 3312 uim
331 3249 360 3312 in
375 3257 469 3312 scmct
485 3249 546 3332 ipsa
561 3249 678 3322 liniunt,
695 3265 755 3309 nou
771 3246 858 3308 tutius
873 3245 996 3328 generis.
1027 3243 1088 3306 tttta
1104 3243 1192 3316 onim,
1209 3261 1283 3332 quac
1298 3243 1423 3308 casualia

254 3361 334 3424 sunt,
346 3351 376 3414 iu
391 3351 563 3416 nonniuittus
578 3361 782 3423 numerantur,
792 3349 857 3422 alia,
873 3369 947 3430 quac
963 3347 1078 3410 unibus
1090 3355 1200 3415 utrem.
1216 3345 1351 3408 atituritia
1367 3347 1424 3411 utet

255 3457 369 3519 soient:
385 3456 519 3537 uinisque
534 3465 634 3518 autem
651 3455 708 3516 itoc
721 3471 880 3516 commuue
896 3461 950 3524 cst,
973 3461 1008 3514 ut
1023 3451 1052 3513 itt
1068 3449 1270 3512 enuntiatione
1285 3451 1321 3511 ml
1337 3469 1423 3532 pano·

255 3557 413 3622 dicandum
428 3559 564 3640 usurpari
580 3559 643 3620 sino
660 3557 748 3620 uerbo
763 3565 815 3619 aut
830 3555 1022 3637 pronuntiato
1035 3559 1086 3616 aut
1097 3551 1253 3616 subaudito
1266 3561 1423 3633 nequount.

254 3663 351 3745 Atque
365 3663 490 3725 casualia
506 3661 626 3744 quidem
643 3681 736 3743 quum
751 3661 840 3725 ctiam
856 3659 885 3722 in
901 3657 1027 3740 simplici
1042 3656 1225 3739 appositione
1241 3655 1425 3737 usurpatius

255 3783 470 3848 nonnunquam
486 3767 531 3828 uei
547 3765 608 3848 ipsa
624 3783 678 3848 puto
693 3764 826 3828 subiecto
842 3761 1054 3826 enuntiationis
1069 3759 1139 3844 poni
1155 3758 1279 3842 possint,
1298 3766 1378 3822 nocto
1393 3759 1423 3822 in

255 3868 427 3933 nominibus
452 3870 709 3954 ττροσηγορνκοῐς
733 3887 750 3932 a
772 3866 879 3931 Stoicis
905 3871 1160 3938 nocturninum,
1186 3853 1358 3925 ἐπιθέτων
1379 3862 1423 3925 vei

255 4033 457 4048 ”uu—u·

255 4127 377 4204 θρόττου
387 4127 457 4202 μετὰ
470 4133 523 4186 τοῦ
536 4131 715 4204 ομλοσυηῶυ.
740 4131 904 4184 liceentiorcs
917 4127 1083 4195 Peripatetici
1096 4120 1157 4181 ἴση
1170 4126 1218 4178 ime
1230 4123 1303 4178 motio
1315 4139 1423 4193 utut-pa·

255 4225 308 4271 tum
320 4217 397 4270 etun
409 4213 551 4288 ἐπίρρημα
564 4218 662 4270 «lisiano
676 4217 803 4269 vitientur.
825 4215 866 4268 l't.
881 4213 969 4268 Galea.
981 4213 1045 4280 laag.
1058 4211 1159 4265 dialect.
1173 4229 1197 4281 p.
1208 4212 1236 4264 'ie
1249 4209 1274 4262 in
1288 4209 1333 4262 tali
1346 4225 1424 4260 onua-

256 4303 362 4358 tiationo
379 4307 480 4368 „dtur
495 4297 652 4374 ἄνθρωπός
668 4301 764 4356 ἱστνν“
777 4299 948 4356 inexticttet
959 4297 1013 4370 pit·
1025 4293 1147 4370 ἐροῦμεν
1159 4295 1209 4353 τὸν
1221 4300 1327 4362 (θωνα,
1338 4311 1422 4362 neap·

254 4393 407 4464 γορτῖσθκτ
424 4387 455 4446 tt
474 4389 524 4446 τὸν
540 4389 711 4464 υἵυθρυοον,
726 4385 833 4453 ἲξυυτν
848 4387 879 4445 ui
897 4386 1193 4460 αροσκατηγοριῖσθαν
1213 4382 1356 4457 Ικίρρημα
1372 4377 1424 4449 τὴν

254 4477 407 4534 κοινωνίαν
418 4479 475 4534 τοῖν
488 4471 564 4552 ὅρον
575 4473 799 4550 ἐνδεικνύμενον.
