3186 4958
740 376 891 476 Q

230 565 372 647 erigere
393 563 429 628 in
448 564 566 630 eolles
585 565 701 630 aciem
724 574 941 649 coeperunt,
968 585 1031 648 rap.
1049 565 1099 642 dd,
1116 567 1146 630 2.
1188 567 1283 633 ilaliar
1301 571 1400 654 itaque

232 667 327 731 cliro
342 667 541 740 instantes,
557 670 637 752 quud
653 669 724 732 item
741 670 798 733 iam
814 670 878 733 aliis
893 669 923 732 in
939 679 1070 732 mentem
1089 671 1201 734 venisse
1217 672 1311 736 rideo.
1328 673 1402 736 Nam

232 771 372 834 instare
388 789 456 832 eum
473 771 570 834 datico
582 779 787 836 constructum
804 791 863 834 nou
879 771 977 834 solum
993 771 1114 854 quietis,
1134 773 1186 836 sed
1206 793 1294 856 saepe
1314 775 1403 838 etiam

234 880 334 936 motus
349 871 593 952 significationem
616 873 720 950 lralrm,
737 875 773 938 ab
793 877 884 938 altero
900 873 989 937 verbo
1010 875 1144 938 alienam.
1192 876 1331 940 Universa
1347 877 1403 940 loci

232 973 377 1038 sententia
392 975 466 1038 haee
479 984 541 1038 est:
563 985 755 1062 posteaquam
772 977 897 1061 equites,
913 977 1020 1058 iugatis
1036 977 1200 1050 retinaclis,
1222 979 1356 1060 perlitum
1372 999 1405 1042 se

232 1079 344 1163 proelio
360 1079 544 1154 miscuerint,
565 1099 626 1144 ncrn
650 1082 775 1144 eandem
796 1101 885 1164 quana
908 1086 993 1144 arctoa
1009 1081 1150 1143 Romanis
1167 1100 1281 1164 pugnae
1297 1082 1403 1145 laciern

233 1179 334 1249 luisse.
362 1185 455 1246 Antea
469 1183 550 1247 enim
566 1184 626 1247 acie
642 1184 800 1268 compositi
820 1185 1002 1266 serratisque
1016 1183 1169 1246 ordinibus
1184 1185 1404 1260 dimicaverant,

233 1305 314 1350 nune
327 1295 436 1360 autern,
456 1289 759 1371 praeterquamquod
776 1307 862 1370 aegre
877 1288 950 1351 cliro
968 1287 1119 1358 instarent,
1141 1289 1300 1352 accessisse
1315 1288 1405 1353 etiam

233 1389 299 1466 lroc,
317 1399 349 1454 ut
364 1408 508 1474 equorum
524 1391 700 1474 corporibus
716 1391 946 1478 impellerentur,
970 1391 999 1453 lt.
1015 1411 1043 1454 e.
1058 1391 1118 1454 lrue
1134 1390 1202 1456 illuc
1217 1393 1405 1477 pellerentur,

234 1513 289 1558 nec
314 1494 371 1558 ianr
397 1495 565 1578 compositi.
591 1505 624 1558 ut
649 1505 743 1572 ardea,
770 1497 822 1559 sed
843 1495 1012 1558 catervatim
1034 1495 1148 1560 disiecti
1171 1506 1346 1582 pugnarent.
1363 1533 1407 1546 -

234 1597 371 1662 Proxima
386 1599 489 1663 rerlra:
506 1619 546 1664 ae
564 1619 674 1684 saepe
695 1599 771 1683 rogi
791 1617 937 1673 citerus,
957 1601 1134 1665 exterriti
1151 1601 1228 1664 sine
1245 1603 1406 1666 rectori·

234 1702 301 1766 bus
324 1701 426 1786 equi,
452 1713 490 1767 ut
515 1720 697 1788 quemque
726 1703 880 1768 lortuna
902 1707 1052 1780 tulerat,
1081 1713 1322 1769 transversos
1343 1715 1407 1770 out

235 1805 366 1871 olorios
381 1807 637 1880 incursabant,
659 1809 729 1872 itera
746 1829 865 1874 eausam
882 1809 1012 1874 indicant
1027 1827 1080 1874 cur
1094 1827 1157 1872 nrm
1172 1809 1274 1873 eadem
1292 1829 1407 1893 pugnae

235 1911 324 1976 iacies
339 1911 437 1976 luerit.
479 1912 554 1996 Equi
570 1912 634 1974 sine
650 1913 815 1977 rectorilrus
831 1913 958 1978 dulritari
974 1931 1035 1977 non
1050 1923 1149 1996 potest
1163 1913 1235 1996 quin
1251 1932 1311 1978 nou
1327 1915 1407 1979 eori-

238 2016 407 2090 nariorunr,
429 2017 480 2079 sed
495 2016 629 2100 equitum
646 2035 800 2081 caestuum
817 2017 936 2099 intelligi
952 2017 1094 2090 delirant,
1115 2037 1170 2080 nee
1184 2017 1281 2080 solum
1299 2019 1409 2082 lloma·

239 2137 359 2194 nomm,
374 2119 426 2182 sed
442 2121 532 2183 etiam
550 2121 775 2184 Britannorum:
797 2139 852 2184 nec
871 2121 932 2184 seio
954 2139 991 2184 an
1006 2131 1085 2184 recte
1101 2122 1262 2184 lllrenanus
1277 2141 1339 2204 rap.
1358 2122 1410 2194 35,

240 2221 261 2286 2
275 2223 490 2286 cocinarius
512 2231 549 2287 et
568 2243 681 2306 eques
702 2221 864 2308 scripserit,
879 2223 978 2286 addita
994 2223 1107 2305 copula,
1123 2241 1199 2306 quac
1214 2223 1245 2285 in
1260 2223 1411 2287 codicillus

240 2327 350 2392 omissa
370 2335 426 2390 est.
456 2328 532 2391 Nam
552 2325 725 2400 marinarios,
746 2327 798 2408 qui
820 2345 909 2390 curm
930 2326 1158 2408 proelialmnlur,
1179 2326 1293 2409 equites
1315 2327 1411 2390 clietos

240 2430 366 2495 cesorix
382 2431 520 2495 credibile
534 2451 615 2504 esse,
637 2449 734 2510 nequo
750 2428 907 2493 llomerico
929 2447 986 2492 usu
1003 2429 1134 2492 roealruli
1150 2419 1278 2513 ἱππῆες
1293 2429 1412 2514 probari

240 2555 328 2620 posse
344 2543 432 2620 puto:
455 2545 486 2600 et
506 2554 582 2618 quae
598 2533 747 2597 Walelrius
767 2535 861 2607 allent,
881 2542 915 2596 ut
934 2533 1047 2596 nullum
1066 2533 1211 2596 llritannis
1226 2543 1344 2617 praeter
1359 2553 1411 2594 eo-

241 2639 369 2703 vinarios
384 2639 549 2723 equitatum
564 2637 655 2702 luisse
670 2637 865 2711 demonstret,
882 2637 1108 2720 haudquaquam
1125 2637 1160 2700 acl
1174 2635 1411 2720 persuadendum

241 2754 309 2827 apte
324 2753 405 2808 sunt.
449 2743 574 2808 Obstant
594 2743 674 2806 enirn
698 2751 815 2824 praeter
834 2741 976 2804 disemum
995 2741 1150 2822 Pomponii
1166 2741 1256 2804 llelao
1276 2740 1412 2802 testinan-

242 2849 326 2912 nium
341 2849 429 2912 etiam
445 2847 578 2912 Caesaris
598 2847 711 2930 aliquot
731 2845 803 2920 loei3
824 2845 918 2910 Taciti
933 2855 1031 2908 autem
1047 2843 1145 2918 cerba,
1168 2863 1232 2928 cap.
1251 2845 1300 2917 rt,
1322 2843 1351 2906 l:
1376 2843 1412 2906 in

243 2953 369 3040 pedite
395 2952 528 3028 relrur3
556 2951 741 3034 quaedam
767 2949 939 3012 nationes
964 2957 1000 3012 ot
1023 2967 1135 3013 curru
1160 2945 1414 3030 proeliantur,

243 3059 315 3122 uilril
336 3057 415 3122 aliud
436 3055 541 3120 doecre
563 3063 699 3138 possunt,
720 3073 810 3136 quam
832 3053 924 3116 rolmr
943 3053 1126 3116 exercituum
1148 3069 1208 3114 non
1230 3051 1260 3113 in
1280 3049 1414 3131 equitatu

244 3163 297 3228 ted
312 3163 342 3227 in
358 3163 456 3250 pedite
470 3159 655 3234 constitisseq
675 3177 724 3221 eas
740 3165 838 3222 autern
855 3157 1001 3232 nationes,
1016 3175 1092 3239 quoe
1107 3173 1167 3218 non
1184 3171 1273 3218 curru
1287 3152 1414 3236 proelia·

243 3277 357 3341 rentur,
373 3267 505 3351 equitatu
520 3265 606 3349 plane
621 3261 754 3328 concisse
767 3261 849 3324 nrrllo
864 3261 954 3325 modo
969 3261 1185 3324 clemenstrant.

330 3373 400 3460 Caap.
428 3371 514 3447 Xlll,
542 3371 572 3435 li.
617 3365 921 3452 (llrsequiumque
950 3373 988 3430 et
1017 3363 1262 3438 modestiam,
1293 3361 1326 3424 si
1356 3359 1415 3425 in·
1511 3431 1514 3436 ,

246 3473 716 3560 dustriaacrigoradsiut,
738 3493 780 3536 eo
795 3471 916 3536 laudis
932 3471 1124 3547 excedere,
1146 3487 1221 3554 que
1240 3467 1417 3554 plerique

246 3603 310 3668 por
328 3583 500 3668 abrupta,
522 3581 587 3646 sed
611 3579 807 3644 iunullum
830 3576 1073 3662 reipublicae
1096 3571 1418 3639 usumamlritiosa'

248 3699 367 3754 morte
389 3687 658 3753 inclaruerunt.
703 3683 868 3748 Ollendisse
890 3682 919 3746 in
941 3681 1085 3746 hocloco
1107 3679 1217 3743 multos
1232 3695 1291 3741 oon
1307 3676 1417 3739 mirum

248 3803 302 3868 ert,
318 3791 530 3880 propterrerlri
544 3789 723 3856 excedere
738 3787 982 3870 significationem
995 3787 1095 3850 minus
1107 3783 1232 3859 obviam,
1248 3792 1277 3844 et
1288 3781 1418 3863 reliquae

250 3897 389 3961 orationis
402 3902 581 3959 structuram
596 3911 657 3956 non
674 3891 745 3954 satis
760 3892 934 3974 expeditam.
978 3891 1016 3954 ur
1032 3887 1151 3952 llloxius
1167 3887 1287 3970 quidem
1302 3891 1419 3948 utram·

250 4017 306 4082 que
330 3998 524 4064 utiensiouom
549 4014 703 4060 removere
728 4003 853 4058 conatus
878 4001 924 4056 est
941 3991 1112 4056 scribendo:
1139 4007 1268 4056 eorum
1292 3989 1418 4052 laudes

251 4103 440 4175 excedere,
456 4101 519 4185 qui
537 4133 595 4176 -,
609 4116 701 4184 quam
717 4098 917 4162 coniecturam
932 4117 949 4159 a
965 4095 1077 4160 liritzio
1093 4113 1154 4159 non
1170 4095 1274 4158 iniuria
1289 4101 1418 4174 spretam

251 4224 316 4270 esse
330 4203 467 4271 arbitror.
512 4207 569 4270 Sed
591 4205 683 4290 ipsius
705 4201 979 4286 interpretationem
995 4200 1128 4282 vrrlgatae
1144 4199 1279 4262 lectionis
1294 4194 1420 4282 probare

254 4325 314 4372 non
334 4325 467 4390 prorsum.
500 4311 569 4374 llult
594 4309 673 4372 euim
700 4327 743 4372 eo
768 4304 890 4369 laudis
915 4303 1096 4367 excedere
1122 4297 1420 4382 nonsignilrcaread

251 4430 327 4477 eam
342 4414 485 4479 laudern
504 4413 540 4492 (r.
555 4415 592 4482 ad
607 4431 678 4478 eum
693 4401 786 4476 laudis
801 4407 938 4494 mallum)
959 4407 1154 4482 excedere,
1176 4406 1227 4470 red
1249 4403 1283 4468 id
1301 4419 1421 4486 genus
