3182 4962
734 513 887 616 233-

230 705 401 771 llimbimur
414 713 513 769 umen
528 723 707 789 magnopere
724 706 813 769 talem
835 706 960 770 deorum
979 703 1010 770 in
1026 704 1085 771 duo
1100 725 1206 790 genera
1220 709 1393 780 divisionem
1431 773 1433 779 .

230 821 290 876 unt
307 811 437 892 ignotam
450 809 588 872 omnibus
608 809 713 884 luisse,
736 817 769 874 ut
790 827 887 892 neque
901 809 979 893 apud
1000 811 1171 877 Ciceronem
1194 814 1223 877 iu
1247 816 1345 882 llelleii
1366 828 1396 883 et

230 915 331 980 Cottae
345 914 592 998 disputationibus
604 933 700 997 noque
714 915 791 998 apud
803 916 892 978 aliurn
905 933 1097 998 quemquam,
1113 927 1260 1002 quotquot
1275 920 1311 983 de.
1324 921 1394 1006 Epi·

231 1019 448 1101 curitlteologia
464 1019 654 1090 rettulerunt,
674 1037 806 1102 unquam
827 1019 889 1082 eius
911 1019 1092 1084 mentionem
1115 1023 1192 1096 lieri,
1213 1023 1264 1087 sed
1281 1026 1395 1090 nullum

116 1191 121 1200 ,
145 1108 151 1118 ’
230 1124 316 1208 plane
331 1142 369 1186 ne
385 1122 589 1186 tenuissimum
606 1123 724 1204 quidem
741 1124 894 1204 vestigium
912 1123 1112 1206 indiciumque
1123 1125 1256 1189 relietum
1273 1147 1337 1192 esse
1354 1130 1397 1193 ri·

231 1229 364 1290 denmus.
382 1227 420 1288 Ea
433 1244 481 1287 res
496 1224 667 1288 iamdudum
680 1227 758 1288 siros
773 1225 970 1298 doctissimos,
985 1226 1190 1310 imprimisque
1203 1231 1396 1307 (insuentium,

230 1349 324 1395 unum
342 1329 501 1412 Epicureae
515 1328 665 1391 doetrinae
681 1327 948 1400 studiosissimum,
969 1330 1133 1410 permovit,
1149 1339 1182 1394 ut
1198 1332 1234 1394 de
1249 1332 1305 1395 loci
1320 1333 1397 1397 illius

232 1433 308 1517 apud
322 1433 480 1514 Diogenem
493 1431 658 1512 integritate
670 1431 849 1504 dubitarent,
862 1451 949 1512 quem
960 1433 1122 1513 quisanum
1135 1454 1200 1497 esse
1211 1435 1399 1500 crediderunt

232 1537 364 1620 adeoque
385 1537 471 1598 etiam
501 1534 657 1596 conciliare
684 1535 907 1616 quodammodo
933 1554 1001 1598 eum
1024 1537 1122 1600 Velleii
1148 1539 1281 1604 oratione
1301 1540 1398 1604 conati

233 1651 314 1711 sunt,
329 1657 433 1702 omnes
449 1638 520 1699 mibi
536 1656 656 1719 operam
673 1637 834 1721 perdidisse
849 1637 995 1702 ridentur.
1026 1639 1137 1702 llorum
1150 1643 1264 1723 primus
1278 1642 1397 1706 Tenue-

232 1763 360 1808 mannus
381 1744 660 1806 eumntemorandus
676 1751 730 1804 est.
776 1740 803 1802 ls
831 1741 911 1802 euim
938 1741 967 1803 in
994 1741 1098 1805 histor.
1125 1743 1233 1824 philos.
1259 1747 1399 1821 tumlti,

234 1868 263 1932 p.
286 1849 347 1910 ttb
362 1867 427 1930 sqq.
444 1847 603 1929 Epicurum
619 1847 700 1928 opud
715 1845 872 1926 Diogenem
890 1845 919 1906 in
935 1844 1032 1927 primo
1053 1845 1189 1908 rttembro
1205 1845 1302 1910 dedis
1318 1848 1398 1932 ipsis,

234 1952 263 2015 in
279 1951 371 2014 ultero
386 1958 484 2014 autem
501 1951 537 2014 de
553 1952 658 2014 divinis
671 1950 862 2031 imaginibus,
881 1949 1023 2010 Velleiuru
1045 1959 1142 2012 autem
1170 1950 1207 2012 de
1223 1950 1402 2033 imaginibus

234 2057 304 2119 solis
320 2055 399 2136 loqui
415 2057 485 2126 nrlt,
507 2075 582 2136 quae
604 2055 755 2117 notionem
772 2051 921 2136 quandam
935 2051 1060 2114 deorum
1077 2053 1107 2116 in
1124 2051 1281 2117 bominum
1294 2056 1401 2120 animis
1452 2071 1454 2076 '

235 2157 430 2236 elbeiantsst.
464 2157 551 2236 Atqui
568 2157 698 2238 loquitur
712 2165 812 2218 tamen
828 2153 953 2217 Velleius
968 2154 1004 2216 de
1017 2155 1047 2217 vi
1069 2163 1106 2217 et
1121 2167 1252 2219 natura
1268 2159 1402 2236 deorum,

236 2279 363 2344 quorum
380 2261 444 2323 illae
459 2260 600 2342 imagines
615 2267 699 2330 sunt,
724 2257 899 2338 omniaque,
927 2275 1004 2339 quae
1018 2258 1055 2320 ab
1071 2278 1106 2321 eo
1122 2259 1276 2335 dicuntur,
1303 2263 1339 2324 de
1359 2263 1403 2326 slis

235 2363 314 2446 ipsis,
327 2363 486 2444 etquidem
502 2362 538 2424 de
550 2360 689 2422 omnibus
705 2359 734 2422 in
750 2358 930 2434 universum,
946 2360 1002 2424 dici
1018 2363 1205 2426 manilestum
1221 2374 1276 2439 est,
1292 2383 1352 2429 neu
1367 2367 1404 2429 de

236 2465 420 2548 imaginibus.
467 2465 528 2527 lloe
544 2465 669 2528 tortasse
685 2464 746 2546 ipse
757 2463 988 2526 Tennemannus
999 2465 1129 2529 sentiens
1140 2485 1220 2540 mox,
1235 2487 1265 2551 p.
1282 2469 1353 2545 tlt,
1368 2489 1404 2532 co

17 2631 22 2642 ,
237 2569 376 2650 confugit,
391 2576 424 2630 ut
439 2567 581 2648 imagines
597 2567 659 2630 illas
674 2585 735 2628 non
747 2577 847 2630 tamen
861 2585 916 2649 pro
928 2567 1019 2630 meris
1030 2568 1206 2649 imaginibus
1218 2572 1269 2634 sed
1282 2591 1335 2652 pro
1351 2572 1406 2636 diis

36 2679 43 2706 '·
142 2735 148 2748 ,
236 2670 307 2752 ipsis
323 2671 358 2732 ab
374 2669 524 2750 Epicureis
540 2670 653 2732 habitas
668 2689 734 2731 osse
750 2679 858 2733 sumat.
887 2671 962 2732 llinc
982 2671 1069 2752 igitur
1083 2671 1142 2734 duo
1157 2690 1263 2754 genera
1279 2675 1403 2738 deorum

237 2773 342 2842 eflicit,
358 2789 452 2834 unum
468 2789 588 2845 eorum,
604 2771 655 2854 qui
671 2773 707 2834 nd
724 2791 882 2834 numerum
896 2763 981 2848 (κατ’
1004 2765 1165 2856 ἀριθμόν)
1180 2795 1247 2838 esse
1260 2776 1404 2850 dieantur,

236 2873 1403 2957 quosnonsinesoliditotoquadameorporlsluisseputat²⁸)3alterumeorum,

237 2979 287 3060 qui
304 2977 477 3058 imaginibus
500 2982 613 3038 tantum
635 2985 774 3038 constent
791 2977 869 3039 nulla
890 2977 1038 3041 soliditate
1059 2997 1156 3060 neque
1178 2980 1403 3053 adnumerum,

236 3081 380 3162 exprioris
389 3079 504 3160 gomoris
516 3077 689 3160 corporibus
701 3080 888 3142 continenter
898 3079 1086 3143 effluentibus
1095 3081 1284 3163 formamque
1298 3101 1403 3146 eorum

17 3227 19 3232 -
133 3232 135 3236 .
208 3255 213 3265 ι
236 3184 315 3245 unde
330 3184 495 3245 eltluxerint
510 3182 705 3245 sert-antibus.
725 3217 764 3228 -
779 3181 858 3244 llaec
872 3182 945 3244 mihi
962 3200 1083 3263 prorsus
1106 3181 1286 3246 incredibilia
1302 3183 1405 3247 uideu-

236 3294 300 3358 tur,
321 3303 417 3366 neque
432 3284 559 3347 dubitari
574 3303 662 3366 posse
678 3292 763 3368 puto,
785 3285 857 3365 quin
873 3285 1033 3365 Epicurus,
1056 3285 1308 3366 quemadmodum
1324 3293 1403 3348 cete·

236 3407 336 3452 mrtem
346 3407 445 3450 rerum
462 3387 602 3468 imagines
617 3386 654 3449 ab
670 3385 758 3448 rebus
774 3385 854 3468 ipsis.
867 3403 993 3467 quarum
1010 3386 1152 3468 imagines
1164 3395 1244 3460 sunt,
1259 3387 1302 3450 sie
1317 3388 1404 3450 otiam

211 3497 213 3502 '
237 3491 360 3555 deorum
376 3489 516 3571 imagines
531 3487 567 3552 ab
583 3488 652 3569 ipsis
667 3487 711 3550 dis
726 3488 908 3561 distinxerit,
930 3507 1028 3571 neque
1046 3489 1135 3552 ullam
1155 3507 1275 3553 causum
1295 3489 1404 3572 proba·

238 3595 325 3657 bitem
338 3593 468 3664 invenio,
484 3609 538 3654 cur
551 3611 601 3653 eas
617 3593 716 3654 taincn
732 3591 839 3672 aliquid
855 3591 983 3674 emplius
999 3610 1086 3673 quem
1103 3591 1246 3674 imagines
1261 3611 1328 3655 esse
1343 3603 1404 3656 sta·

237 3699 341 3770 tuerit,
362 3695 549 3776 ‹livinamque
565 3694 599 3758 iis
614 3711 788 3776 perusinam,
807 3703 853 3767 et,
875 3694 954 3776 quod
980 3694 1092 3775 seiungi
1111 3714 1128 3758 a
1150 3693 1255 3758 divinis
1270 3695 1406 3777 persenis

237 3817 298 3862 nen
314 3799 424 3881 potuit,
445 3799 533 3861 sitam
549 3815 668 3879 quoque
684 3797 807 3859 deorum
821 3795 970 3878 propriam
986 3797 1252 3880 aeternitatemque
1267 3809 1297 3861 et
1311 3797 1406 3860 beati·

239 3902 370 3966 tudinem
392 3899 520 3964 tribuere
539 3909 590 3962 aut
610 3899 733 3962 uoluerit
753 3907 805 3962 aut
827 3899 966 3982 potuerit.
1010 3897 1085 3963 Nam
1101 3917 1140 3964 ue
1154 3900 1271 3964 caderet
1286 3899 1405 3984 quidem
1443 3975 1446 3982 ,

239 4003 269 4066 iu
283 4005 339 4068 bos
350 4004 510 4086 imagiueos
525 4001 728 4065 Teooomanni
744 4001 814 4064 deos
831 4001 869 4077 id,
885 4002 966 4084 quod
982 4001 1126 4086 Epicurus
1142 4004 1266 4068 deorum
1281 4020 1406 4067 suorum

239 4107 391 4188 proprium
418 4125 481 4169 osse
504 4105 635 4180 volebat,
662 4114 695 4168 ut
719 4104 807 4166 vitam
831 4105 972 4187 degerent
994 4105 1025 4168 in
1049 4107 1258 4171 intermundiis
1272 4105 1310 4168 ub
1324 4103 1407 4169 omui

309 4343 351 4409 tq
368 4343 484 4398 Velleius
504 4345 600 4412 spricbt
621 4361 670 4397 sou
691 4346 739 4397 deo
756 4345 872 4411 Endesa,
892 4345 972 4398 durclt
992 4345 1090 4398 welcba
1111 4345 1152 4398 dle
1169 4344 1338 4413 Vomtelluog
1355 4360 1406 4399 roa

241 4425 349 4480 Glltteu
360 4429 577 4496 bemorgebrrebt
588 4429 663 4497 wind,
674 4429 771 4495 Epiker
782 4431 845 4484 aber
857 4447 906 4483 von
918 4433 966 4484 deu
978 4429 1088 4484 ceron
1100 4431 1193 4484 salton

310 4511 353 4579 28)
370 4511 535 4566 tottvttoott·
548 4511 644 4567 Wesen
656 4513 703 4566 ult
714 4513 871 4582 utmttgtott
881 4515 982 4582 bagatat.
