3182 4962
707 416 836 520 „Q

197 625 346 691 naturam,
361 633 437 700 quas
453 613 622 678 inconcreta
635 611 675 676 sit
690 619 721 678 et
735 613 774 678 oh
788 611 963 678 tenuitatem
979 603 1082 689 attingi
1096 607 1272 699 plagamque
1294 614 1371 678 2001.
1472 617 1475 622 “

197 739 267 806 pero
288 737 348 784 non
371 718 479 802 possit,
501 737 517 782 a
539 716 696 781 Plutarcho
711 717 867 802 significari
887 721 980 800 putat
1027 713 1087 779 Nec
1108 717 1275 784 Bructerus
1289 720 1373 783 aliter

198 825 305 890 iudicat
320 823 446 888 eundem
460 821 651 886 Plutarchum
666 823 708 886 roi
725 831 831 887 testem
847 839 912 884 essa
924 823 1099 884 autumans¹
1110 821 1148 903 ⁷).
1172 823 1276 888 Plures
1288 843 1372 888 com·

198 947 364 1016 memorare
385 945 445 990 non
467 944 542 1009 opus
569 925 689 1006 esutl:
725 928 762 991 cle
778 924 897 1008 liegelic
918 923 1016 996 enim,
1039 925 1090 1006 spui
1113 946 1206 1008 gertus
1222 929 1374 1014 quollllam

198 1035 322 1099 deorum
338 1033 423 1117 plane
438 1031 646 1114 incorporeum
660 1031 787 1114 Epicuro
799 1029 943 1102 attribuit,
959 1027 1016 1091 alio
1032 1028 1098 1095 loco
1108 1030 1249 1098 dicemus.
1277 1033 1374 1112 Celer,

130 1146 133 1152 '
199 1158 319 1214 omncs,
342 1135 421 1221 quod
442 1136 549 1210 sciam,
570 1135 763 1223 incorpronros
778 1133 896 1218 Epicuri
917 1133 989 1196 uoce
1005 1133 1102 1198 nullos
1124 1136 1217 1201 luisse
1240 1129 1373 1202 censenti

199 1259 322 1326 corpora
346 1249 447 1304 autom
471 1239 610 1313 deorum,
634 1240 702 1303 licet
717 1239 780 1321 ipse
795 1237 900 1322 quasi
915 1253 1090 1319 -corpora
1112 1240 1210 1304 dicere
1227 1243 1373 1306 maluerit·

200 1345 277 1410 sicut
296 1353 410 1409 celeras
430 1361 479 1406 res
500 1359 621 1416 omnes,
642 1359 678 1406 cs
693 1342 802 1406 atomis
817 1341 920 1404 luisse.
954 1340 1057 1423 Neque
1073 1363 1108 1405 ex
1124 1343 1272 1408 reterihus
1292 1345 1375 1428 quis·

200 1467 290 1531 quam
316 1447 401 1510 aliter
425 1445 533 1520 sensit,
559 1453 675 1528 praetor
695 1463 789 1508 uuum
805 1445 930 1508 fortasse
945 1443 1140 1510 Lactantium.
1176 1447 1203 1511 ls
1219 1447 1315 1522 enirn,
1339 1448 1376 1512 de

200 1551 243 1615 ira
257 1551 304 1614 clei
319 1569 345 1614 c.
365 1551 419 1624 lll,
441 1548 501 1625 28,
521 1548 557 1611 llo
573 1548 725 1630 Epicureis
740 1549 876 1632 loquens,
891 1547 1029 1622 „loom
1051 1545 1147 1630 lnquit
1167 1549 1375 1624 „incorru-

201 1661 305 1738 ptos,
320 1661 512 1727 aeternos,
527 1650 655 1715 beatos
670 1651 887 1728 esscaiunt,
903 1650 1071 1732 solisque
1092 1653 1181 1716 elanl
1200 1652 1375 1716 immuni·

201 1767 330 1830 tatem,
356 1761 820 1820 ncconcursuatomorum
841 1755 1011 1820 concreti
1033 1775 1113 1819 csse
1140 1751 1376 1821 rideantur.“

201 1860 348 1928 Nimirum
368 1859 482 1925 inluxit
502 1859 582 1924 hunc
597 1859 746 1926 ctouonts
768 1860 849 1924 locus
871 1859 947 1924 rnale
969 1859 1151 1938 intellectus,
1166 1861 1202 1926 clo
1218 1873 1279 1926 nat.
1295 1861 1376 1928 door.

201 1965 224 2031 l.
240 1985 266 2030 c
285 1965 337 2042 25,
353 1965 405 2040 tt,
418 1965 469 2030 uhi
485 1964 629 2048 Epicurus
650 1963 870 2028 individuorum
895 1983 1073 2048 corporum,
1096 1966 1126 2029 h.
1146 1987 1173 2031 e.
1195 1975 1377 2042 atomorum,

203 2070 425 2134 concretionem
440 2069 549 2152 logisse
565 2069 683 2142 elicitur,
699 2086 736 2131 ne
752 2068 887 2132 interitus
898 2081 927 2132 et
940 2069 1093 2154 dissipatio
1105 2081 1291 2153 sequeretur.
1325 2071 1378 2134 tt·

204 2175 254 2256 qui
270 2175 354 2238 Cotta
370 2173 448 2256 ipse,
471 2191 559 2253 quem
576 2173 677 2235 Cicero
700 2173 756 2234 hoc
778 2173 875 2234 dicere
890 2172 976 2246 lucit,
999 2173 1097 2254 praullo
1113 2183 1196 2246 ante,
1215 2192 1241 2238 c.
1258 2173 1309 2246 24,
1326 2171 1377 2248 68,

203 2277 246 2340 sic
261 2277 377 2341 loculus
399 2285 460 2350 est,
481 2283 515 2338 ut
530 2293 590 2338 non
611 2274 760 2338 dubitasse
781 2292 851 2339 oum
867 2285 1023 2358 appareat,
1045 2276 1116 2358 quin
1132 2295 1168 2339 ex
1184 2275 1292 2338 atomis
1307 2277 1379 2339 deos

203 2379 350 2462 Epicurus
364 2399 430 2442 csse
444 2387 598 2442 statueret.
633 2377 719 2441 Nunc
733 2387 849 2452 sutem,
872 2397 965 2460 quum
983 2377 1142 2460 Epicurum
1164 2378 1376 2443 concretiu-

204 2500 403 2546 namuurum
419 2481 527 2564 fugisse
543 2481 622 2556 elicit,
639 2481 780 2545 vocabulo
793 2483 887 2544 utitur
897 2480 1036 2563 ambiguo
1049 2481 1098 2543 illo
1111 2479 1242 2564 quidem,
1259 2491 1288 2545 et
1299 2482 1380 2565 quod

204 2605 336 2650 errorem
352 2587 505 2650 Lactantio
521 2585 627 2648 iecisse
643 2603 703 2648 non
720 2584 847 2660 mireris,
863 2585 915 2648 scel
931 2585 969 2647 ele
984 2585 1069 2648 culus
1085 2603 1152 2648 vera
1167 2584 1380 2668 signiliualiom,

205 2695 250 2754 rel
271 2688 341 2753 illud
362 2707 483 2752 monere
506 2689 618 2774 poluit,
641 2689 720 2771 quod
742 2708 766 2752 c.
783 2687 838 2762 27,
861 2687 902 2750 75
930 2699 1144 2752 concretum
1166 2697 1197 2752 et
1216 2688 1379 2752 solidum

205 2803 348 2880 uuquam
364 2811 527 2876 spnornpma
541 2803 703 2877 ponuntur.
739 2791 853 2876 Nempe
877 2791 1027 2856 concretio
1047 2811 1137 2857 seusu
1158 2792 1327 2876 augustiore
1350 2799 1381 2857 ct

277 2982 319 3046 tt)
337 2981 433 3034 illator.
448 2979 529 3050 phili
544 2997 565 3048 p.
584 2979 836 3034 resoluturum.
867 2977 974 3032 Notavit
996 2987 1079 3032 tumeo
1098 2981 1254 3046 llrrrcherus,
1275 2998 1320 3034 ιιι
1332 2983 1377 3033 ah·

207 3069 308 3123 horruit
329 3070 405 3120 etium
425 3068 458 3119 uh
475 3065 526 3119 aliu
539 3067 681 3128 sententia,
702 3075 731 3119 ut
742 3069 861 3120 creuerm
874 3067 1009 3135 Epicurum
1021 3070 1131 3136 speciem
1145 3070 1268 3136 quandum
1280 3077 1380 3122 atomo·

208 3170 264 3210 rum
286 3155 498 3210 indissolubilium
517 3155 542 3206 lu
555 3155 664 3206 discsse
677 3150 800 3214 uoluisse,
812 3151 835 3204 h.
850 3169 873 3206 c.
886 3171 960 3224 quum
973 3155 1069 3206 iuhollu
1081 3163 1168 3208 assant
1180 3163 1322 3208 atomorum
1335 3171 1380 3222 gc·

208 3243 554 3313 commemoraremus
567 3256 654 3294 curum
666 3254 746 3307 genus
758 3241 805 3293 hoc
818 3238 907 3308 luisse,
921 3258 970 3312 qus
982 3242 1087 3296 tleoruru
1100 3257 1208 3309 corpora
1221 3249 1381 3296 constarunt.
1453 3237 1457 3248 '

208 3329 307 3386 Reiecit
320 3337 404 3382 tumen
417 3331 471 3398 lpse
483 3331 545 3382 hauc
558 3329 710 3381 sententian
724 3337 829 3395 propter
840 3327 979 3393 Plutarchi,
993 3338 1020 3382 ut
1032 3330 1079 3394 uit,
1090 3329 1279 3391 testimonium
1293 3343 1380 3398 quun·

207 3431 281 3488 quun
299 3417 342 3470 eiu
362 3417 443 3486 ipsum
456 3415 583 3469 Plutarchi
596 3417 678 3470 locuto
692 3415 834 3485 inspexisse
848 3416 959 3478 violetur,
981 3417 1024 3468 scd
1039 3423 1150 3482 tuntum,
1171 3431 1235 3486 quse
1248 3413 1381 3471 Staulciuu

207 3505 240 3559 uh
256 3521 287 3559 so
303 3503 442 3572 sipulheuri
460 3505 604 3572 suspicatus
625 3512 679 3572 cst,
701 3511 820 3575 tauquam
833 3506 865 3558 uh
878 3505 932 3572 ipso
945 3504 1049 3558 tlisertls
1062 3504 1149 3558 arrhis
1163 3505 1294 3574 proposita
1307 3520 1382 3559 accc·

207 3594 284 3668 pisse.
309 3590 428 3648 Ceterum
449 3591 548 3646 tollitur
564 3593 641 3646 eliasu
659 3593 684 3646 lu
701 3608 747 3660 co,
769 3594 833 3664 quoi
851 3591 987 3648 lolluita
1003 3601 1146 3646 atomorum
1164 3607 1257 3658 peoora
1270 3592 1381 3662 Epicuro

208 3683 264 3738 slas
277 3697 335 3736 esse
348 3689 427 3753 putet.
451 3680 475 3734 ls
487 3681 554 3734 cuitu
566 3681 621 3749 lpse
634 3681 659 3733 in
672 3681 780 3750 epistola
793 3682 823 3734 sl
838 3681 931 3734 llcrosl.
944 3680 968 3750 ς.
986 3681 1016 3733 lh
1029 3679 1380 3750 incomprehensibiles

208 3769 307 3838 qulicn
329 3761 569 3838 (despectionem),
592 3785 641 3821 uon
662 3776 745 3822 tameo
768 3767 917 3823 iuilultas
936 3764 1092 3839 (ἀπείρονι)
1106 3783 1193 3821 mrum
1205 3767 1305 3836 specim
1317 3783 1378 3822 csse

208 3857 291 3912 docet.
316 3856 347 3908 Et
360 3855 399 3909 sic
412 3855 548 3908 Lucretius
559 3871 665 3925 quoque,
684 3854 712 3908 tl.
726 3856 789 3921 478,
809 3856 971 3924 „primordia
984 3870 1070 3909 rurum
1084 3855 1154 3908 holte
1167 3856 1270 3907 variare
1282 3856 1380 3923 liguru-

209 3957 265 3998 m
287 3944 408 3998 ntiouc¹‘
427 3943 594 3995 demonstrat.
620 3943 692 4010 hpuel
711 3942 887 4008 Plutarchum,
905 3943 937 3996 dc
955 3941 1020 4010 plac.
1034 3941 1096 4008 phil.
1109 3941 1139 4007 tl,
1151 3941 1177 4008 7,
1189 3941 1232 4007 27,
1245 3941 1287 3994 uhi
1300 3941 1379 4008 vulco

210 4027 244 4083 sal
258 4029 389 4099 σχὴμιιιι
401 4030 458 4082 seir·
469 4025 584 4099 ἀτόμων
597 4045 616 4080 rr
625 4027 806 4101 sperones,
818 4025 871 4082 oria
882 4023 989 4097 ἄπειρα
1000 4029 1132 4092 scribitur,
1144 4023 1324 4102 ἀπερίληπτα
1338 4041 1382 4083 ιι·

212 4116 270 4186 pusi
281 4117 375 4169 debers
387 4117 436 4169 Ιιιι
450 4113 596 4168 Graeculus
608 4115 710 4168 monuit.
737 4113 775 4168 Ci.
787 4123 814 4168 ct
827 4115 934 4169 llucrcu.
946 4117 978 4170 acl
990 4115 1093 4170 Stohau.
1106 4113 1161 4168 ttcl.
1175 4133 1197 4186 p.
1210 4115 1270 4170 tlt.

283 4201 325 4256 ihr
345 4201 460 4256 Poterat
473 4201 550 4254 stis·
565 4199 728 4256 llosheuriuur
741 4202 836 4269 citare,
853 4204 884 4256 ιι
897 4202 1045 4258 Culsorth.
1058 4211 1123 4276 spot
1136 4201 1217 4258 lutcll.
1230 4201 1286 4270 ll,t
1301 4217 1325 4271 p.
1339 4200 1382 4268 77,

210 4295 238 4344 ut
255 4289 402 4356 popularem
414 4287 521 4342 stanleii
537 4295 563 4342 ct
576 4287 724 4342 &lecerat
735 4305 806 4356 eum,
823 4291 866 4358 qul
878 4291 1090 4345 introductionem
1103 4291 1254 4359 scalpellus
1267 4303 1382 4358 ιιςιιι

211 4374 350 4429 Eisturiun
370 4376 553 4442 universalem,
575 4375 681 4442 primunr
702 4375 811 4428 Louiiul
832 4393 890 4432 ιιι.
914 4377 981 4432 ttstl
1001 4379 1105 4432 aditum.
1138 4375 1197 4432 vlu.
1219 4377 1296 4431 huius
1312 4389 1382 4429 rurs.

213 4473 293 4518 ιιιι.
305 4475 322 4515 ι
333 4460 529 4529 hungarum·
541 4469 665 4527 ιιιιιιι,
677 4469 737 4514 ton.
751 4457 760 4513 l
772 4477 797 4530 p.
811 4463 854 4516 lt.
