3166 4962
788 454 940 556 ...².⁹.².

284 643 392 708 tentia:
413 659 481 706 nam
502 640 553 726 qni
572 641 667 707 domi
685 643 793 728 aliquid
810 644 964 710 imitantur
978 645 1047 724 (boc
1061 645 1140 710 enim
1155 647 1297 731 significat
1311 649 1341 714 b.
1357 651 1376 714 l.
1393 669 1447 713 ex-

282 748 377 830 soqtd)
392 763 454 810 non
469 755 548 812 certe
563 747 629 824 ibi,
644 747 704 813 ubi
719 748 748 814 id
763 749 858 814 visum
873 759 946 826 erat,
962 749 1125 816 imitantur.
1149 752 1252 837 Neque
1263 753 1357 837 magis
1368 754 1446 840 apud

282 853 463 927 Ciceronem,
480 851 560 915 Verr.
577 849 609 928 ll,
625 853 676 927 67,
695 853 771 918 lii:
799 873 948 931 „omnes
966 856 1035 920 boc
1054 857 1136 922 loce
1159 857 1256 922 cives
1276 858 1445 939 itomani,

281 966 320 1023 et
343 957 404 1040 qui
430 956 568 1021 adsunt
593 962 628 1019 et
648 957 712 1040 qui
732 957 867 1040 ubique
888 968 990 1034 sunt,
1015 969 1176 1026 vestram
1202 961 1446 1026 severitatem

281 1061 529 1136 desideranl“,
555 1079 623 1144 que
642 1061 840 1145 copulativum
861 1063 962 1127 baberi
978 1083 1065 1146 posse
1081 1064 1186 1140 cuivis,
1205 1066 1328 1149 opinor,
1349 1065 1446 1130 mani-

280 1165 389 1230 festum
404 1174 459 1229 est.
479 1164 555 1229 Nolo
569 1167 759 1250 scriptorum,
775 1167 800 1231 si
815 1187 877 1232 non
892 1167 1068 1252 aequalium,
1086 1170 1236 1254 perpaullo
1249 1177 1349 1232 tamen
1360 1169 1445 1234 Cice·

280 1289 353 1336 rone
364 1280 393 1334 ct
405 1267 542 1334 Sallustio
554 1271 763 1348 recentiorum,
779 1274 858 1337 velut
869 1272 988 1348 llorntli,
1004 1275 1137 1357 exempla
1151 1275 1293 1358 prolerre,
1309 1276 1445 1357 ‹quando-

281 1374 399 1459 quidem
422 1383 492 1439 sunt
511 1374 563 1458 qui
582 1375 760 1440 recentiores
780 1376 900 1459 quidem
921 1379 1057 1462 ubique
1083 1397 1145 1442 non
1171 1397 1224 1464 pro
1250 1387 1286 1443 et
1311 1379 1369 1442 ubi
1392 1379 1444 1443 sed

279 1479 432 1543 indefinito
447 1497 537 1544 sensu
552 1498 714 1563 usurpasse
729 1483 905 1555 concedunt,
927 1483 1061 1546 Ciceroni
1081 1493 1181 1546 autern
1198 1482 1320 1565 eiusque
1335 1501 1444 1566 aequa·

279 1581 356 1646 libus
382 1583 546 1647 autetiam
573 1585 790 1666 antiquioribus
816 1585 895 1648 bunc
922 1603 1012 1648 usum
1042 1587 1176 1668 ignotum
1202 1587 1293 1649 luisse
1319 1597 1444 1650 conten·

279 1683 418 1764 deaut).
455 1684 603 1750 Nimirum
629 1688 659 1752 bi
685 1689 715 1752 in
737 1707 869 1752 errorem
891 1688 1004 1751 inducti
1029 1699 1100 1752 sunt
1120 1689 1212 1752 lallaoi
1238 1689 1443 1771 oxovnplorum

278 1787 385 1870 speeie.
401 1788 431 1850 in
443 1789 550 1871 quibus
562 1791 676 1872 copula,
693 1790 828 1872 quamvis
840 1790 1068 1873 haudquaquam
1081 1791 1255 1864 necessaria,
1272 1803 1444 1855 nontamen

278 1888 376 1972 inepta
398 1897 491 1966 esset,
517 1911 610 1975 quum
631 1892 804 1975 praesertim
826 1893 912 1956 ctiam
936 1895 1083 1958 vernaculi
1098 1893 1192 1956 nostri
1207 1895 1353 1956 sermonis
1369 1912 1441 1958 eon·

278 1993 405 2056 suetudo
430 1993 461 2057 in
484 1997 689 2058 convertendis
715 1995 771 2058 illis
797 1996 869 2059 loeis
895 1997 1104 2060 construendam
1126 1997 1261 2078 copulam
1284 1997 1441 2058 videretur.

278 2095 390 2168 Quodsi
416 2097 481 2177 quis
506 2107 605 2160 tamen
631 2097 748 2178 aliquod
775 2097 860 2161 istius
881 2099 1043 2162 sententiae
1064 2099 1243 2180 praesidium
1267 2099 1335 2161 vnde
1349 2103 1440 2179 petat,
1495 2153 1499 2164 .

279 2197 358 2277 quod
377 2199 455 2279 apud
477 2198 649 2262 Ciceronem
670 2199 802 2281 itemque
823 2201 899 2283 apud
921 2201 1092 2264 Sallustium
1116 2217 1178 2261 non
1203 2200 1287 2262 aliter
1305 2199 1441 2280 ubique

168 2301 174 2313 '
278 2317 367 2380 quam
393 2309 460 2380 post
479 2301 633 2364 relativum
653 2307 704 2364 aut
725 2302 966 2384 interrogativum
988 2320 1154 2384 pronomen
1174 2307 1349 2382 usurpatum
1370 2301 1442 2382 legi·
1514 2289 1517 2296 ’

276 2403 396 2481 torst),
421 2403 555 2466 excusari
578 2403 676 2485 potins
699 2389 754 2466 bac
775 2421 807 2466 ro
830 2422 978 2478 errorem,
1000 2421 1090 2484 quam
1117 2401 1315 2464 demonstrari
1341 2419 1441 2463 veram

275 2505 420 2570 maionem
436 2525 524 2588 posse
538 2506 676 2570 arbitror.
710 2505 783 2568 Nam
799 2507 900 2570 necin
915 2507 949 2570 iis
965 2505 1034 2588 ipsis
1049 2503 1207 2586 exemplis,
1228 2503 1279 2567 ubi
1295 2504 1442 2587 praeeedit

275 2608 444 2684 relativum,
470 2611 606 2693 ubique
628 2627 748 2692 semper
768 2629 822 2691 pro
843 2617 879 2673 et
898 2609 959 2672 ubi
982 2618 1061 2672 reete
1081 2607 1173 2688 accipi
1194 2625 1282 2687 posse
1303 2606 1439 2680 vidimus,

275 2729 372 2796 neque
392 2715 485 2778 ullum
507 2733 611 2778 eorum
636 2735 718 2790 esse,
744 2714 775 2777 in
796 2733 855 2796 quo
881 2712 924 2775 sic
949 2711 1041 2792 accipi
1064 2728 1185 2773 neeesse
1210 2709 1264 2784 sit;
1289 2717 1321 2771 et
1347 2727 1440 2790 quum

275 2817 398 2880 omnino
427 2815 560 2898 exempla
589 2819 666 2898 apud
697 2818 868 2881 Ciceronem
898 2825 929 2877 et
954 2813 1127 2876 Sallustium
1157 2829 1218 2876 non
1248 2812 1341 2873 multa
1370 2812 1441 2886 sint,

196 2987 198 2992 ,
276 2937 427 3002 quumque
442 2918 528 3000 longe
544 2921 638 2982 maior
653 2939 719 3002 pars
735 2939 859 3002 operum
871 2918 1026 3000 utriusque
1037 2916 1165 2998 qveriorit,
1181 2933 1285 2978 vereor
1296 2933 1333 2976 ne
1345 2922 1441 2976 terno·

274 3023 383 3086 rariuan
405 3021 458 3096 sit,
484 3022 598 3104 siquid
619 3022 648 3084 in
672 3022 731 3097 bis,
752 3043 828 3106 quae
847 3029 1023 3104 supersunt,
1044 3018 1276 3091 noninvonitnr,
1293 3017 1441 3098 idolique

274 3125 402 3189 alienum
418 3127 455 3192 ab
469 3144 572 3190 eorum
588 3144 726 3190 sermone
741 3127 853 3200 elicere,
869 3127 899 3188 in
911 3124 1080 3188 huiusmodi
1096 3121 1216 3204 quidem
1232 3120 1439 3194 locutionibus,

274 3245 348 3310 qnae
374 3247 431 3293 nec
453 3231 675 3294 restaurationi
697 3231 891 3293 adversantur
909 3238 940 3292 et
959 3229 1084 3292 aliorum
1108 3225 1287 3307 scriptorum
1311 3224 1440 3305 optimae

273 3331 377 3394 aetatis
402 3333 575 3396 auctoritate
601 3333 787 3396 muniuntur.
818 3336 862 3395 dn
889 3332 1022 3396 dieentes
1042 3330 1121 3393 laune
1146 3329 1274 3394 adverbii
1301 3327 1439 3409 ubique

272 3451 360 3496 tuum
374 3434 521 3498 Ciceronis
532 3444 626 3499 aetate
641 3435 806 3500 inauditnm
821 3445 890 3519 post
905 3435 1100 3518 paucissimos
1114 3451 1209 3496 annos
1224 3433 1260 3496 ad
1275 3431 1439 3514 analngiam

271 3535 412 3599 similium
439 3539 625 3619 quorundam
650 3541 883 3622 compositorum
910 3538 1009 3601 subito
1035 3538 1183 3600 invectum
1210 3533 1300 3599 esse?
1329 3535 1361 3596 ld
1384 3535 1439 3596 illis

272 3638 371 3703 dicere
385 3657 507 3704 neeesse
522 3653 583 3718 esta
604 3643 676 3706 mibi
693 3642 810 3722 quidem
827 3652 907 3706 certe
923 3659 982 3704 non
998 3643 1031 3704 dt
1046 3640 1105 3703 veri
1120 3641 1225 3714 simile,
1242 3657 1336 3721 quum
1352 3656 1439 3720 prae-

270 3742 374 3805 sertim
389 3743 593 3827 utrubique
605 3745 786 3828 (utrobique)
798 3745 970 3808 adverbium
982 3743 1092 3825 pariter
1102 3749 1190 3824 atque
1204 3741 1339 3823 ubique
1354 3759 1437 3804 eom-

271 3845 401 3930 pesitum
414 3856 444 3909 et
455 3846 486 3910 in
498 3866 558 3930 quo
569 3849 627 3912 hoe
638 3849 736 3932 ipsum
752 3848 816 3912 ubi
832 3849 918 3922 inest,
933 3848 985 3910 sed
997 3847 1180 3910 nullomodo
1194 3864 1249 3928 pro
1264 3850 1298 3907 et
1313 3843 1437 3908 utrubi

271 3949 484 4032 accipiendum,
499 3969 517 4014 a
531 3951 672 4016 Cicerone
686 3951 810 4035 eiusque
825 3952 997 4035 aequalibus
1015 3962 1196 4034 usurpatum,
1208 3949 1331 4014 videam.
1360 3946 1436 4010 llam

340 4140 382 4204 Π)
400 4140 448 4194 list
460 4139 486 4194 iu
497 4138 537 4192 lais
551 4137 725 4194 bsebrvsanas
738 4137 927 4205 adbaeretdv,
940 4138 991 4192 6³8
1002 4137 1092 4206 atat,
1104 4137 1148 4206 qui
1159 4138 1222 4191 adeo
1234 4135 1436 4204 ineptissima

270 4239 315 4278 sss
326 4240 403 4293 agere
415 4225 462 4292 sit,
474 4227 517 4293 qui
529 4226 643 4294 ubique
655 4235 686 4280 st
697 4229 818 4296 utiquc,
829 4228 860 4280 vlo
873 4243 922 4295 quo
935 4241 993 4280 nox
1005 4224 1136 4278 dicendum
1148 4225 1210 4290 erit,
1221 4225 1308 4276 eodem
1319 4224 1377 4276 loce
1389 4223 1436 4274 ira·

269 4310 345 4366 bssst
355 4327 411 4366 eun
423 4313 616 4380 antiquissimis,
628 4314 712 4381 qualia
725 4314 776 4366 slat
788 4329 898 4380 usqua,
915 4315 973 4368 uad
983 4313 1066 4380 ique,
1083 4311 1279 4380 plerunque,
1290 4317 1434 4376 aterque.

340 4399 381 4465 lb)
398 4398 517 4454 Ceterum
529 4399 766 4454 animadverterant
776 4399 825 4453 luae
835 4401 878 4454 din
889 4409 949 4454 sote
960 4399 1147 4454 baebmasan
1159 4398 1213 4470 dtt,
1225 4397 1297 4453 velut
1308 4395 1434 4462 llulrsrss,

267 4481 384 4539 dolatis.
394 4493 460 4540 vett.
472 4483 611 4540 lsriseoss.
622 4501 647 4555 p.
659 4486 709 4540 lli
722 4487 784 4556 (³80
796 4487 836 4540 sd.
847 4486 935 4558 Llpii.
1105 4488 1107 4492 ’
