3266 4958
858 425 900 489 86

556 601 672 696 γάμων
695 607 866 700 Κραοέαης
888 604 1006 696 έξέωρέ
1027 605 1169 693 ἐδέξατο,

289 720 321 782 h.
336 737 375 792 e,
389 723 424 778 ut
438 715 597 780 Pausanias
611 718 722 793 scribit,
738 719 798 796 l'll,
820 721 847 794 l,
874 720 907 782 l:
929 711 1100 803 θυγατέρα
1118 709 1302 804 Ἐρεχθέως
1323 713 1456 813 ἠξιώθη

289 817 413 900 λαβεῖν.
439 819 514 882 llam
529 810 663 902 ἀξίωμα
684 815 827 900 ἐδέξατο,
842 822 1094 906 dignationem
1116 823 1276 906 accepit,
1292 825 1363 888 nihil
1378 827 1458 891 aliud

289 933 351 998 est,
378 942 466 1004 quam
493 933 693 988 nactusest
719 935 759 988 ut
785 927 917 1010 dignus
938 925 1183 990 iudicaretur:
1205 927 1458 1009 quemadmodum

287 1027 439 1095 Tantalus,
453 1026 578 1090 deorum
593 1029 688 1110 epulis
703 1029 849 1111 dignatus,
865 1030 961 1093 Orest.
972 1048 999 1092 v.
1015 1027 1035 1091 9
1050 1028 1156 1092 dicitur
1169 1029 1280 1115 κοινῆς
1294 1027 1460 1118 τραπέζης

288 1121 414 1210 ἀξίωμ’
437 1122 520 1208 ἔχων
541 1121 624 1194 ἴσον.
659 1131 760 1214 Neque
774 1134 859 1196 aliter
873 1133 1086 1216 accipiendum,
1103 1134 1182 1216 quod
1193 1134 1224 1197 iu
1239 1134 1344 1197 Troad.
1357 1155 1383 1198 e.
1396 1134 1458 1198 485

286 1234 430 1316 legimus:
452 1223 494 1309 dic
520 1224 686 1318 δ’ἔθρεψα
712 1230 904 1318 παρθένους
932 1227 981 1312 εἷς
1008 1225 1139 1318 ἀξίωμα
1161 1229 1311 1322 νυμφέων
1332 1231 1459 1322 έξαέρε-

286 1337 481 1418 aoeziillae
497 1355 586 1421 quas
601 1337 812 1401 edueaeiad
827 1339 1066 1423 praecipuam
1083 1339 1330 1422 dignationem
1343 1361 1458 1424 spon·

286 1460 425 1519 aarum,
441 1443 470 1506 b.
483 1462 509 1506 e.
521 1451 555 1506 ut
566 1439 685 1524 sponsis
697 1441 845 1506 nobilibus
857 1442 961 1524 dignae
972 1442 1086 1514 terente
1101 1441 1151 1505 nbi
1163 1443 1259 1526 potuit
1269 1445 1358 1509 etiam
1370 1438 1459 1524 έξαι-

287 1541 390 1634 ρέτων
410 1546 477 1610 dici.
504 1545 562 1610 Sed
577 1545 651 1609 haec
666 1545 816 1630 hypallage
832 1545 953 1631 epitheti
968 1545 1039 1609 nihil
1055 1547 1225 1611 ollensionis
1241 1548 1343 1623 habet,
1366 1551 1460 1631 siqui·

287 1652 368 1722 dem,
384 1669 458 1733 quae
473 1649 639 1734 praecipuis
655 1651 774 1734 sponsis
796 1651 900 1734 dignae
920 1659 1006 1722 sunt,
1026 1668 1128 1714 earum
1148 1651 1236 1714 etiam
1259 1651 1459 1734 dignationem

287 1756 475 1841 praecipuam
491 1775 557 1818 essa
576 1772 696 1820 necesse
718 1763 772 1820 est.
807 1757 910 1820 Honor
930 1763 1030 1818 autem
1051 1753 1152 1818 Xutho
1171 1753 1289 1818 habitus
1310 1760 1392 1820 tanto
1413 1757 1460 1821 in·

288 1859 401 1942 signior
420 1859 511 1922 rideri
526 1857 642 1934 debuit,
658 1859 739 1941 quod
754 1859 778 1924 is
793 1878 855 1923 non
876 1861 1026 1942 indigena,
1049 1849 1108 1922 οὐκ
1129 1851 1259 1944 ἐγγενής
1281 1848 1334 1936 ὤν,
1356 1879 1383 1922 e.
1407 1861 1459 1937 63,

288 1965 342 2028 sed
359 1964 501 2038 Achaeus,
514 1963 624 2027 aelrena
640 1962 728 2046 igitur
742 1972 772 2026 et
786 1973 927 2047 tanquam
938 1963 1099 2046 inquilinus
1110 1961 1191 2026 urbis
1203 1962 1383 2028 Athenarum
1395 1965 1461 2042 init,

290 2057 352 2131 οέκ
374 2059 485 2144 ἀστός,
507 2057 576 2130 ἀλλ’
600 2059 747 2142 taceres
769 2060 806 2144 έξ
826 2057 928 2153 ἄλλος
942 2060 1076 2147 χθονός,
1101 2085 1127 2128 v.
1145 2065 1217 2129 ³03.
1249 2067 1307 2129 Sed
1324 2069 1460 2150 quamvis

289 2171 418 2242 aalaena,
434 2171 512 2232 claro
527 2179 628 2233 tamen
643 2187 750 2251 genere
765 2177 849 2234 onus
866 2169 937 2246 tuit,
953 2171 1034 2234 heoli
1056 2168 1148 2242 lilius,
1170 2169 1246 2232 louis
1267 2187 1369 2252 nepos.
1400 2173 1461 2236 llos

289 2274 369 2338 enim
393 2271 544 2356 Euripides
564 2272 591 2334 ei
606 2281 742 2356 parentes
763 2271 857 2348 dedit,
878 2283 981 2338 contra
997 2273 1145 2354 vulgarem
1166 2272 1294 2336 fabulam
1315 2273 1461 2338 llesiodeo

291 2377 421 2442 carmine
433 2375 579 2446 traditam,
594 2393 669 2458 quae
683 2373 818 2438 Xuthum
834 2378 917 2442 decli
932 2396 994 2441 non
1010 2377 1103 2440 hlium
1117 2377 1169 2440 sed
1185 2376 1308 2440 fratrem
1324 2377 1462 2459 perhibe·

293 2481 354 2556 bat,
369 2489 485 2563 patrem
500 2488 600 2542 autem
616 2479 725 2542 horum
742 2477 905 2548 llellenema
921 2481 1105 2545 Deucalionis
1120 2489 1150 2544 et
1160 2481 1287 2562 Pyrrhae
1300 2483 1390 2547 filiurn
1403 2488 1461 2568 ¹⁰).

289 2587 328 2651 Et
354 2583 481 2648 llellenis
500 2583 625 2648 leolum
649 2582 742 2646 hlium
765 2583 854 2647 etiarn
877 2584 939 2668 ipse
960 2585 1113 2668 Euripides
1140 2585 1207 2649 alibi
1228 2587 1311 2664 iecit,
1332 2587 1460 2656 llellonis

201 2741 205 2750 .
289 2702 389 2755 autem
409 2697 522 2772 patrem
543 2689 715 2769 loa·ern⁸⁰).
755 2687 873 2754 Scilicet
895 2689 924 2754 iu
947 2690 993 2755 his
1011 2689 1154 2754 fabulosis
1175 2691 1366 2776 genealogiis,
1388 2711 1460 2776 ‹puaa

289 2795 370 2860 nulla
385 2803 463 2857 certa
479 2811 578 2857 rerum
594 2791 651 2855 bde
665 2783 740 2856 tradi
762 2796 922 2876 prudentes
941 2793 1156 2876 intelligebant,
1178 2813 1315 2878 magnam
1335 2797 1389 2861 sibi
1410 2806 1461 2864 aut

291 2899 418 2983 tingendi
429 2907 489 2971 aut,
505 2897 531 2960 si
545 2898 659 2960 alieersa
675 2897 871 2970 traderentur,
896 2899 926 2962 id
948 2898 1028 2982 quod
1047 2898 1119 2980 ipsis
1138 2897 1249 2981 ubique
1271 2901 1459 2982 aptissimum

289 3004 439 3068 rideretur
465 3001 589 3082 eligendi
617 3000 782 3065 libertatem
803 3011 907 3084 poetae
925 3021 980 3066 suo
1002 3002 1065 3066 iure
1084 3003 1275 3084 usurpabant.
1306 3006 1388 3068 heoli
1408 3025 1461 3070 cur

292 3106 428 3172 maluerit
442 3105 595 3188 Euripides
609 3123 699 3187 quam
715 3103 844 3167 llellenis
858 3105 952 3169 Elium
964 3105 1098 3168 Xuthum
1113 3105 1219 3180 iacere,
1234 3106 1302 3168 lieet
1314 3126 1368 3188 pro
1380 3119 1461 3174 certo

292 3211 348 3276 dici
369 3218 510 3292 nequeat,
530 3225 591 3271 non
611 3207 804 3290 improbabile
824 3219 926 3273 tamen
943 3209 1057 3272 videtur
1077 3215 1233 3290 propterea
1255 3210 1367 3274 lactum
1382 3233 1458 3291 esse,

292 3332 340 3387 nc,
353 3313 379 3378 si
394 3311 522 3376 llellenis
539 3310 630 3374 hlium
642 3311 830 3394 peregrinum
845 3319 876 3375 et
897 3312 1039 3376 advenam
1058 3311 1186 3386 iaceret,
1208 3311 1402 3380 Athenienses
1418 3318 1459 3393 ¹ab
1543 3337 1544 3341 ¹

292 3416 421 3480 llellenis
435 3415 527 3498 stirpe
541 3414 628 3478 alieni
642 3435 707 3480 esse
720 3415 896 3481 riderentur.
926 3415 1058 3480 Eandem
1080 3415 1119 3480 ob
1140 3435 1258 3481 causam
1279 3435 1341 3482 non
1361 3420 1459 3484 llelle-

291 3521 373 3586 nicae
383 3520 435 3585 sed
451 3519 592 3584 hchaieae
605 3519 701 3604 gentis
715 3519 850 3584 Xuthum
865 3539 930 3584 esse
945 3519 1027 3596 dixit,
1039 3518 1107 3584 licet
1122 3521 1152 3584 in
1167 3529 1299 3586 extrema
1318 3523 1417 3590 tabula
1431 3545 1458 3590 v.

296 3625 376 3690 1612
391 3626 481 3690 etiam
497 3622 588 3688 Xuthi
603 3625 750 3706 quendam
765 3625 858 3689 salium
873 3624 1024 3689 dclraeum
1038 3623 1184 3690 nominet.
1214 3626 1331 3691 Scilicet
1349 3629 1459 3695 abhoc

292 3729 383 3794 Xutbi
397 3729 458 3794 lilio
479 3748 547 3804 eos,
568 3727 618 3810 qui
637 3727 668 3791 in
683 3728 889 3812 Peloponneso
909 3729 1016 3794 achaei
1036 3728 1222 3809 dicebantur,
1243 3749 1354 3796 nomen
1373 3751 1457 3798 aoce-

291 3833 385 3920 pisaa3
399 3835 440 3898 illi
450 3832 545 3913 duri,
559 3850 687 3918 quorum
703 3833 740 3898 de
754 3842 840 3916 gente
854 3833 972 3900 Xuthus
987 3843 1061 3916 erat,
1076 3835 1108 3900 in
1122 3834 1273 3902 Thessalia
1285 3836 1388 3903 sedem
1403 3837 1457 3905 ha·

293 3959 493 3975 -ιι-ι

362 4037 403 4102 to)
413 4037 472 4092 Vld.
484 4037 571 4094 Tacta.
583 4039 614 4092 ad
626 4037 754 4112 Lpeopbr.
765 4055 791 4094 ar.
805 4041 855 4096 282
865 4049 893 4095 at
904 4041 990 4096 schol.
1003 4041 1088 4110 Apoll.
1101 4041 1181 4098 llbed.
1194 4043 1232 4114 lll,
1248 4046 1341 4100 lodda
1354 4047 1456 4114 hlarck·

292 4121 433 4190 achedelle,
449 4125 507 4180 llas.
524 4123 613 4194 fragm.
630 4143 654 4195 p.
674 4127 733 4194 275,
749 4129 915 4182 emendatum.
932 4157 967 4170 -·
980 4128 1098 4183 &aaran
1109 4146 1125 4185 a
1137 4129 1290 4202 mythologie
1301 4133 1379 4186 etlam
1390 4136 1456 4190 allus

292 4207 391 4278 qulam
402 4209 505 4266 Xatlma
517 4213 712 4278 memorabatur,
725 4215 799 4268 staeli
810 4215 968 4284 Hippotadae
981 4215 1057 4284 llliaa,
1067 4232 1142 4286 quara
1155 4218 1181 4272 la
1193 4217 1281 4273 Sicilia
1292 4220 1361 4274 eirea
1374 4220 1457 4274 boa·
1586 4253 1589 4259 ·

294 4295 361 4348 tlaoa
379 4311 499 4364 regnam
517 4301 689 4368 perhibebant
717 4301 789 4356 lliod.
807 4299 840 4368 l',
857 4303 882 4354 8.
898 4302 983 4356 Sobel
999 4302 1029 4358 ll.
1048 4303 1112 4372 1,t.
1136 4305 1173 4359 lle
1188 4305 1236 4359 boc
1253 4321 1378 4376 quaerero
1391 4323 1456 4362 auae

295 4379 357 4434 albii
364 4383 464 4436 autam
474 4381 512 4464 Et
523 4385 625 4442 claves.
636 4387 708 4442 aren.
717 4397 769 4443 aat.
779 4403 804 4456 p.
814 4388 857 4442 29.
868 4389 916 4443 128
921 4405 959 4458 ορ.
965 4398 993 4444 st
1001 4389 1115 4446 Elaeam
1122 4393 1153 4446 ds
1162 4392 1249 4447 hansa
1260 4401 1288 4447 at
1297 4393 1386 4450 Ponat.
1395 4396 1456 4450 tid.

304 4471 306 4474 '
362 4466 405 4535 28)
417 4465 517 4537 Fran.
527 4472 602 4528 Aeoli
613 4491 653 4532 raa.
665 4475 700 4530 tt
707 4484 735 4530 at
745 4473 881 4544 usuntpp.
892 4491 935 4531 aa.
946 4475 972 4534 2.
