3186 4968
713 443 866 544 „po-

209 630 362 716 praeierat
381 629 503 694 alteram
517 629 675 696 lectionem
690 616 713 717 ᾗ
727 624 957 718 σσνφλλιίχθφς
970 620 1056 711 epol.
1087 631 1189 714 Neque
1203 631 1288 696 aliter
1301 632 1379 714 apud
1476 631 1478 636 '

209 734 415 817 Thucydidem
432 735 454 806 l,
470 733 500 808 3,
521 735 694 816 στρατείαν
712 730 929 818 ξανέργεσθαι
948 739 1000 798 aut
1019 729 1273 813 ξυνεξέρχεσθαι
1287 735 1381 818 expli·

209 837 342 902 mudum
358 847 412 911 est,
427 854 518 920 quam
533 847 567 901 ut
582 838 694 901 dietum
710 837 749 901 sit
764 857 817 921 pro
833 830 1052 916 ξινελθόντας
1065 847 1116 900 aut
1127 831 1381 914 ξυνεξιλίίιίντας

209 939 388 1023 στρατείαν
402 941 597 1016 ποιεῖσθαι,
614 941 744 1025 itemque
756 961 820 1025 rap.
835 943 883 1014 15.
899 933 1061 1026 ἐνδήμους
1074 939 1246 1022 στρατείας
1257 931 1382 1016 έξιέναι

209 1043 275 1126 iq.
291 1038 445 1124 ἐξιόντας
467 1045 658 1118 ποιεῖσθαι.
681 1051 727 1122 (ul
749 1042 862 1122 καινὰς
884 1043 1056 1126 στρατείας
1078 1043 1260 1108 ποιεῖσθαι
1282 1051 1330 1107 est
1351 1042 1382 1106 iu

209 1147 317 1212 cedem
335 1149 454 1230 capite)
466 1146 495 1224 ⁸)
511 1157 541 1212 ot
556 1149 734 1232 πρεσβείαν
749 1141 922 1230 αἴρεσθαι,
937 1149 1016 1231 apud
1032 1149 1182 1212 Demosth.
1198 1147 1234 1210 de
1249 1147 1314 1212 lals.
1327 1147 1382 1228 leg.

211 1269 241 1334 p.
257 1251 336 1326 392,
351 1251 371 1314 i.
386 1271 415 1334 q.
432 1243 611 1332 α’ραμένσυς
627 1245 810 1332 πρεσβείαν
822 1253 1012 1322 ποιεῖσθαι,
1029 1251 1280 1333 quemadmodum
1293 1251 1382 1314 etiam

212 1344 372 1441 ἆγγελίφν
398 1349 512 1418 ἐλθεῖν
535 1354 613 1438 τρισί
634 1356 796 1420 Homerum
817 1355 849 1418 ll.
870 1354 925 1430 xl,
949 1355 1007 1417 tto
1034 1355 1107 1416 nihil
1127 1355 1204 1418 aliud
1227 1363 1273 1418 est
1294 1373 1384 1437 quam

211 1451 362 1522 dudm
383 1447 538 1542 α’γγελέφν
559 1459 742 1523 ποιεῖσθαι
761 1467 812 1522 aut
831 1451 962 1540 φέρειν,
989 1449 1169 1540 ἀγγέλλειν.
1205 1456 1278 1521 Nam
1304 1457 1385 1539 quod

107 1635 111 1646 ⁸
212 1561 366 1625 tatoribus
382 1561 559 1644 quibusdam
574 1562 698 1646 placuit,
718 1552 873 1646 α’γγελίφν
887 1579 953 1624 εσσε
967 1560 986 1625 i.
1002 1579 1031 1642 q.
1048 1548 1200 1644 έίγγελαν,
1216 1579 1232 1624 a
1248 1559 1385 1624 nomino·

213 1664 276 1728 tiro
292 1657 464 1752 ἀγγελίης.
480 1665 567 1730 hodie
582 1665 702 1750 quidem
717 1683 808 1730 nomo
824 1665 931 1730 credet
961 1663 1068 1746 Tetigit
1083 1663 1139 1728 hoc
1151 1681 1245 1747 genus
1260 1662 1385 1747 braolay-
1426 1723 1429 1730 .

215 1769 311 1850 legiae
325 1769 445 1834 -siro
460 1771 527 1854 quis
543 1788 706 1854 praegnans
721 1785 814 1852 genus
830 1767 970 1852 loquendi
985 1769 1131 1852 appellare
1147 1768 1230 1831 malit
1245 1767 1385 1831 -otiam

216 1871 427 1947 semuncias,
443 1875 563 1956 syntax.
579 1893 607 1956 p.
627 1873 696 1946 tou,
713 1873 782 1950 sed,
797 1881 832 1936 ut
845 1871 1028 1956 saepiuscule
1044 1872 1075 1936 iu
1090 1889 1179 1954 opero
1193 1871 1244 1935 illo
1257 1870 1386 1946 iuuenili,

217 1975 363 2038 nonnulla
378 1973 483 2038 diremi
497 1976 612 2057 generis
627 1976 766 2040 miscens.

307 2077 342 2140 ln
357 2079 494 2161 proximo
509 2096 596 2142 versu
611 2079 675 2142 310

410 2174 532 2268 φερνάς
554 2199 591 2264 γε
611 2173 762 2261 πολέμου
783 2173 842 2244 καί
864 2173 964 2265 ιίσρός
984 2173 1097 2260 λαβών
1118 2171 1213 2262 γέρας

222 2301 314 2349 nemo
336 2303 397 2349 uon
420 2283 559 2367 intellegit
578 2277 701 2369 φερνάς
720 2291 751 2347 et
771 2276 870 2366 γέρας
888 2281 1046 2348 commodo
1069 2287 1210 2364 tanquam
1225 2279 1389 2363 praedicata

222 2389 268 2454 rel
288 2389 419 2473 epitheta
439 2387 529 2471 accipi
550 2406 638 2470 posse
658 2387 738 2452 eoois
758 2381 853 2468 λέχος
871 2388 902 2451 in
923 2404 1009 2451 versu
1028 2385 1194 2468 superiore,
1220 2393 1254 2447 ut
1274 2383 1391 2462 licuerit

224 2505 329 2578 poetae
349 2493 396 2556 lais
416 2491 586 2556 seeuotivis
604 2491 649 2554 uti
668 2489 755 2554 otiam
777 2489 803 2554 si
818 2509 879 2554 nou
893 2489 1052 2556 addidisset
1067 2487 1253 2572 participium
1268 2480 1388 2568 λαβών,

224 2615 251 2660 a.
266 2615 293 2660 c.
307 2595 334 2660 ai
348 2593 496 2678 posuisset
509 2589 567 2657 καί
583 2587 683 2678 doprlg
697 2589 811 2658 καινοῦ
825 2589 929 2680 γέρας.
957 2593 1059 2676 Neque
1074 2599 1139 2657 erat
1153 2591 1242 2674 igitur
1256 2609 1310 2654 cur
1321 2599 1389 2672 post

225 2695 349 2786 φερνάς
371 2717 407 2780 γε
429 2691 578 2776 πολέμου
597 2713 716 2760 commu
736 2708 912 2780 poneretur,
933 2697 961 2762 id
977 2697 1057 2780 quod
1073 2696 1110 2760 oli
1126 2695 1295 2760 Hermanno
1310 2693 1389 2758 aliis·

226 2819 283 2884 quc
298 2802 410 2866 lactum
425 2809 479 2878 est,
494 2799 578 2884 quasi
593 2818 653 2864 non
668 2801 790 2864 eandem
803 2802 957 2886 utriusque
969 2801 1123 2866 accusativi
1135 2799 1389 2865 constructionem

226 2921 291 2969 esse
312 2903 488 2988 putaverint.
518 2903 655 2967 (istorum
671 2897 806 2990 φερνάς,
827 2923 888 2968 non
903 2905 961 2970 alio
975 2923 1056 2970 nuno
1070 2924 1160 2989 quam
1176 2903 1269 2980 dotis,
1289 2922 1391 2984 προι-

226 3001 298 3086 κός,
317 3007 528 3092 εἰρσίίίσειίοωσ
543 3007 669 3080 «lictum,
689 3017 825 3072 amurato
840 3009 994 3093 explicarit
1009 3009 1252 3074 Wostormnuuus
1268 3007 1303 3071 ad
1319 3007 1391 3071 Plu-

228 3111 318 3176 larcla.
339 3112 402 3176 Sol.
421 3129 447 3176 u
467 3109 518 3173 20.
554 3111 678 3174 ddtlitus
703 3111 849 3194 genitivus
876 3107 1023 3196 πολέμου
1048 3113 1150 3178 εἰσίασι
1169 3113 1248 3178 illam
1270 3117 1393 3195 propter

228 3213 337 3281 bellum
353 3215 452 3280 datam
467 3233 531 3278 esse
546 3213 699 3294 signiticat.

312 3317 474 3396 Quaerenti
488 3315 594 3381 deludo
609 3317 672 3383 loni
687 3319 788 3384 solane
803 3312 841 3385 an
855 3338 915 3386 una
930 3339 998 3387 cum
1015 3319 1122 3385 marito
1137 3318 1266 3404 Delphos
1280 3316 1393 3384 uenerit

235 3423 345 3490 dacusa
358 3420 520 3504 respondet
533 3440 560 3484 ν.
577 3421 655 3486 ³12:
785 3493 787 3500 y

405 3519 465 3590 σέν
486 3515 598 3608 ένδρί·
621 3527 736 3613 σφισῒς
756 3519 790 3591 d'
813 3519 983 3616 ένστρέφει
1010 3520 1215 3611 Τροφωνίου.

231 3631 279 3696 Sic
288 3629 369 3696 euim
380 3649 417 3694 ea
428 3629 634 3695 emendations
644 3631 782 3715 Scaligeri
793 3631 975 3715 scripserunt
984 3631 1183 3716 llirohholflus
1194 3639 1225 3695 et
1234 3629 1392 3707 Nouellum

231 3751 323 3820 quum
339 3735 368 3798 in
380 3731 528 3799 codicibus
538 3742 590 3798 aut
600 3729 701 3819 σφνός
715 3725 749 3800 d'
764 3723 800 3798 εί
816 3731 953 3822 στρέφει
968 3745 1020 3801 aut
1034 3731 1153 3822 σφισίς
1168 3726 1204 3798 d’
1219 3727 1394 3821 ιέστρέφει

231 3839 373 3924 seriptum
392 3835 446 3901 sit:
467 3854 648 3920 quamquam
667 3831 838 3924 ένστρίφει
859 3839 916 3904 iam
937 3841 968 3904 in
982 3841 1086 3904 dldina
1100 3849 1147 3904 est
1160 3859 1197 3904 ox
1211 3856 1312 3922 apogr.
1327 3837 1393 3903 cod.

231 3941 296 4008 Par.
332 3939 462 4006 Verbum
484 3933 675 4026 διατρέφειν
693 3951 744 4005 aut
763 3935 1009 4029 ένστρέφεσθαι
1029 3943 1097 4008 licat
1116 3943 1185 4008 olibi
1206 3942 1332 4007 tortasse
1351 3941 1395 4006 sic

232 4051 405 4130 usurpatum
426 4059 488 4108 uon
507 4043 687 4121 inveniatur,
707 4045 778 4110 satis
799 4054 898 4111 tomen
919 4045 1068 4111 munitum
1088 4047 1217 4111 arbitror
1236 4045 1326 4111 verbo
1341 4037 1395 4110 έν-

233 4143 458 4232 στρωφᾶσθαι
478 4156 509 4211 et
522 4147 647 4232 simplici
662 4143 891 4234 στρωφᾶσθαι
906 4150 943 4214 de
957 4167 994 4215 eo
1008 4150 1060 4235 qui
1074 4150 1180 4216 alicubi
1195 4159 1341 4224 versatur,
1361 4155 1396 4212 ut

234 4267 279 4336 ap.
296 4249 401 4316 dach.
420 4250 524 4334 Agam.
542 4269 570 4315 ν.
588 4251 670 4316 taut
694 4242 804 4318 λέοντ’
822 4241 960 4320 έέναλκιν
984 4245 1020 4320 έν
1037 4247 1127 4337 λέγει
1145 4245 1395 4342 στρωφώμενον.

238 4403 435 4420 *tu-

301 4475 330 4543 d)
345 4471 384 4528 cc
395 4481 530 4530 comat.
541 4477 573 4531 st
584 4475 713 4538 atomo.
724 4478 820 4536 Cleon.
830 4493 855 4548 p.
870 4477 928 4534 tua.
