3186 4958
758 479 908 580 gao-

252 688 399 756 quoque
414 668 522 732 visua
537 675 774 750 aepotestate
796 669 977 752 abaliquo
997 670 1139 734 verbali
1161 671 1419 756 dispositione

252 775 308 856 (sic
318 773 397 836 enim
413 789 493 834 nunc
507 767 690 856 ῥηματικὴν
705 765 864 834 διάθεσιν
878 781 1049 836 convertere
1064 773 1172 847 licebit,
1194 775 1418 859 dispositionem

251 875 375 941 subiecti
400 875 515 956 qualem
536 891 629 954 genus
650 874 730 936 verbi
746 873 865 954 indicat)
891 884 1128 958 repetantur:
1159 895 1239 940 nam
1270 881 1333 960 qui
1358 881 1419 954 (tali
1457 922 1464 934 ·

242 969 334 1060 voce)
350 976 641 1059 indignationem
658 977 798 1059 prodit,
822 978 950 1060 aliquo
966 975 1073 1042 modo
1088 981 1269 1044 allectum
1284 1001 1323 1044 se
1338 1001 1420 1045 esse

253 1081 434 1156 ostendit3
448 1079 625 1144 allectum
641 1100 722 1145 esse
737 1091 856 1145 autem
873 1081 1062 1162 significat
1078 1083 1289 1166 passionom
1302 1103 1422 1167 quan·

252 1187 332 1252 dam
358 1185 516 1264 (subesse),
542 1187 685 1268 quatem
711 1185 809 1249 actio
828 1185 947 1268 aliqua
974 1185 1157 1252 elicuerit.
1192 1187 1338 1252 Nimirum
1366 1189 1423 1254 lroc

252 1293 329 1357 ruit:
352 1290 403 1374 qui
423 1289 662 1372 indignabundus
682 1291 835 1364 exclamat,
857 1291 955 1374 aliquo
972 1291 1062 1355 modo
1077 1311 1109 1355 so
1124 1293 1262 1356 abactum
1277 1303 1308 1358 et
1322 1293 1357 1357 ad
1374 1294 1422 1357 in·

253 1396 451 1480 dignationem
469 1403 636 1478 perauctum
653 1415 718 1459 osso
733 1395 892 1476 signilieat:
909 1395 959 1479 qui
974 1407 1073 1460 antem
1085 1397 1128 1462 sic
1139 1399 1260 1462 allocttts
1271 1408 1325 1474 est,
1342 1398 1424 1465 bunc

253 1518 374 1566 neeesse
388 1509 435 1564 cst
448 1499 556 1584 aliquid
573 1519 692 1584 passum
708 1519 786 1564 osso:
807 1502 886 1585 quod
902 1511 1001 1565 autem
1018 1521 1123 1584 passus
1139 1511 1194 1577 est,
1215 1503 1273 1568 hoc
1287 1521 1348 1566 nott
1367 1522 1422 1587 po·

254 1613 315 1668 test
328 1604 385 1668 nisi
400 1623 436 1667 ex
452 1605 548 1687 aliqua
562 1604 677 1668 actione
692 1606 834 1679 evenbse,
850 1624 938 1686 quam
951 1605 1096 1668 actionem
1109 1607 1207 1688 aliquo
1219 1607 1309 1670 verbo
1325 1607 1424 1689 eloqui

255 1707 355 1770 liceat:
381 1707 470 1789 igitur
491 1727 584 1790 quum
600 1708 667 1790 quis
682 1709 834 1782 exclamat,
860 1709 949 1770 etiarn
966 1709 1087 1771 verbum
1103 1711 1259 1782 actionem,
1283 1709 1362 1773 unde
1377 1710 1424 1772 illa

255 1810 354 1894 passio
366 1813 504 1884 evenerit,
521 1811 688 1892 significans
699 1811 874 1892 subintelligi
888 1811 1006 1893 poterit,
1022 1813 1101 1894 quod
1114 1831 1207 1895 quum
1219 1813 1258 1875 its
1270 1813 1318 1884 sit,
1332 1831 1424 1894 prop-

256 1923 302 1976 ter
315 1913 553 1977 subintellectum
577 1913 647 1976 illud
664 1913 785 1976 verbum
801 1914 889 1976 etiam
905 1915 1132 1978 exclamationes
1147 1915 1220 1978 istae
1235 1915 1264 1976 in
1280 1915 1425 1979 adverbiis

257 2015 459 2078 numerandae
480 2021 560 2078 sunt.
598 2015 635 2078 llt
657 2017 693 2078 ad
714 2017 947 2080 confirmandam
968 2025 1028 2079 tam
1044 2027 1177 2097 argutam
1194 2017 1425 2081 demonstratio·

258 2137 328 2182 nem
348 2117 436 2181 etiam
452 2117 597 2181 eiusmodi
612 2119 746 2200 exempla
761 2118 889 2191 adhibet,
910 2119 960 2180 ubi
982 2119 1118 2182 adverbia
1139 2120 1286 2201 qualitatis
1302 2121 1332 2182 in
1347 2113 1425 2183 ἐπι·

259 2216 405 2308 φωνήσει
430 2231 622 2304 usurpantur,
648 2223 727 2284 velut
753 2240 846 2302 quum
869 2223 967 2284 audita
989 2229 1041 2284 aut
1062 2231 1218 2303 conspecta
1238 2231 1289 2284 aut
1310 2229 1426 2304 gustata

259 2323 406 2405 aliquare,
416 2324 586 2406 quaenobis
598 2325 719 2406 placeat,
729 2319 899 2398 additura,
909 2317 1040 2408 ἥδιστα,
1050 2345 1066 2386 e
1077 2343 1155 2405 ugo,
1171 2324 1280 2398 belle,
1296 2323 1424 2400 bravo,

259 2427 374 2489 schdn
393 2437 447 2490 etc.
475 2427 611 2504 dicimus,
637 2445 733 2508 neque
759 2426 905 2508 reputavit
930 2435 1073 2506 quantum
1100 2427 1236 2490 dineront
1256 2426 1427 2491 lmiusmodi

259 2527 408 2600 vocabula,
433 2547 509 2610 quae
529 2539 640 2594 certam
661 2529 808 2610 qualitatis
825 2528 1067 2609 significationem
1084 2529 1193 2591 habent
1207 2529 1334 2610 ideoque
1349 2528 1427 2591 iudi-

260 2631 338 2693 cium
359 2630 509 2712 loquentis
530 2631 668 2706 indicant,
694 2631 731 2693 ab
751 2631 817 2694 istis
837 2631 1109 2704 exclamationibus,
1133 2651 1208 2712 quae
1223 2631 1296 2693 nibil
1311 2639 1430 2712 practer

260 2735 398 2797 allectum
425 2735 571 2816 quendam
598 2733 739 2816 produnt.
775 2733 852 2796 Solis
873 2731 1018 2796 adverbiis
1044 2732 1156 2816 absque
1170 2733 1260 2796 verbo
1287 2733 1429 2796 iudicium

261 2835 381 2900 indicari
407 2837 477 2900 satis
499 2846 561 2912 est,
587 2836 828 2919 quandoquidem
849 2833 918 2916 quid
939 2835 1016 2898 desit
1031 2836 1068 2898 ad
1083 2835 1201 2918 plenam
1216 2833 1429 2898 enuntiationis

260 2937 389 3002 termam
414 2938 499 3002 lacile
517 2957 636 3021 semper
657 2937 807 3002 subaudiri
823 2939 1000 3020 potest¹¹);
1025 2935 1097 3000 istae
1112 2956 1199 3000 voces
1218 2947 1330 3010 contra,
1354 2955 1429 3020 quae

157 3081 160 3086 -
262 3043 371 3105 nullam
388 3041 567 3124 qualitatem,
593 3041 719 3124 ideoque
739 3041 854 3104 nullum
876 3039 1026 3123 loquentis
1047 3038 1198 3114 iudicium,
1219 3039 1271 3102 scd
1287 3039 1359 3102 nibil
1374 3037 1430 3102 nisi

262 3153 447 3209 commotum
467 3145 600 3209 anianum
622 3145 794 3217 ostendunt,
813 3143 947 3226 quamvis
967 3161 1089 3206 necesso
1104 3141 1143 3205 sit
1158 3143 1238 3206 bunc
1251 3143 1346 3222 aliqua
1361 3157 1430 3225 pas·

262 3248 345 3312 aione
372 3247 497 3330 ideoque
511 3247 600 3312 etiam
623 3248 719 3328 aliqua
739 3247 854 3309 actione
869 3245 1014 3327 passionis
1029 3245 1173 3308 ellectriee
1187 3245 1231 3308 sic
1244 3255 1430 3308 commotum

262 3371 338 3424 esse,
357 3359 457 3414 tamen
479 3369 554 3432 quae
572 3351 611 3413 sit
625 3351 699 3413 baec
713 3350 788 3413 actio
802 3359 834 3412 et
848 3367 979 3431 quonam
994 3347 1084 3412 verbo
1098 3347 1252 3412 indicanda
1265 3347 1314 3424 sit,
1333 3365 1431 3430 neque

263 3454 438 3536 signitieant,
453 3470 550 3537 neque
565 3451 716 3516 subaudiri
731 3457 856 3534 proscunt
866 3453 926 3530 Η).

159 3641 164 3650 ,
265 3591 409 3645 Skraeeaka
421 3593 447 3646 la
461 3607 548 3659 progr.
561 3607 646 3662 gyrum
660 3587 777 3657 liolplrol.
802 3587 943 3656 lleglraoat.
959 3589 1024 3642 idid
1036 3589 1119 3654 edito,
1131 3602 1157 3655 p.
1170 3587 1212 3652 2³,
1225 3603 1304 3656 oeque
1316 3585 1431 3654 intelligo

264 3693 312 3746 qua
334 3677 432 3730 nrtooo
449 3692 529 3744 oopar
545 3677 687 3730 certissima
703 3675 845 3728 emendatio
862 3674 950 3742 sperol
966 3675 1080 3741 potnerit
1096 3675 1129 3728 alr
1145 3674 1197 3727 alio
1210 3673 1267 3726 viro
1280 3674 1369 3736 docto,
1389 3672 1432 3740 qul

265 3777 312 3829 pro
328 3765 425 3816 ariam
440 3764 523 3830 potius
540 3757 674 3818 desideum
690 3761 769 3816 mailli
781 3761 845 3826 vult,
860 3767 1008 3828 propterea,
1025 3767 1053 3812 ot
1064 3760 1115 3826 ait,
1137 3759 1203 3828 quod
1216 3756 1249 3812 ria
1262 3761 1369 3811 παθεῖν
1381 3775 1430 3810 oon

265 3847 391 3914 sigoldoot
406 3847 508 3914 (aptot)
526 3851 630 3912 ariera,
646 3847 691 3900 sed
709 3847 763 3914 ipsa
777 3849 871 3906 asima
882 3847 926 3900 sit.
950 3845 1007 3899 Noa
1020 3845 1150 3912 rapotsvlt
1161 3845 1261 3897 seilicet
1273 3844 1360 3898 eodem
1372 3841 1431 3894 lora

266 3931 315 3984 diei
327 3947 415 3998 possa,
432 3931 464 3986 ro
477 3936 584 3988 nadair
596 3951 644 3986 ooo
657 3933 802 3998 significare
815 3925 958 3994 διάθεσιν,
974 3930 1019 3984 ssd
1031 3945 1090 3983 esse
1103 3929 1183 3996 ipsso
1195 3924 1343 3983 redama·
1367 3925 1432 3982 Nan

268 4011 285 4081 ἡ
299 4013 430 4076 deridente
443 4015 459 4084 ἢ
471 4013 599 4086 dgniorrv'p
615 4021 717 4082 asinar,
729 4019 809 4086 inquit
821 4017 901 4071 schol.
915 4017 1019 4086 Dionys.
1033 4031 1058 4084 p.
1071 4015 1130 4082 88³,
1144 4015 1184 4068 te.

335 4101 443 4166 arasa
455 4103 534 4168 tgna
545 4101 683 4170 ottoviano
695 4119 775 4172 pou·
787 4102 1034 4170 denotabamur·
1047 4109 1117 4154 nero
1130 4097 1431 4165 uomaooomooot
1487 4087 1497 4102 '

270 4201 294 4252 p.
309 4185 365 4250 lli,
377 4187 478 4252 ellipsin
491 4188 530 4240 sle
541 4188 644 4254 defloit,
660 4197 689 4241 ot
700 4191 736 4242 sit
748 4189 851 4242 omissio
863 4185 980 4240 vocabuli
998 4185 1064 4254 qood
1076 4185 1126 4238 etsl
1140 4201 1188 4238 ooo
1199 4183 1294 4236 dictura
1306 4183 1434 4248 cogitetur

270 4275 362 4323 tanes.
376 4297 406 4311 -
420 4270 492 4338 „We
503 4273 550 4325 der
561 4269 676 4327 leltleode
688 4273 786 4340 flagri!
793 4275 857 4327 noch
870 4274 934 4326 olane
947 4271 1026 4326 Wort
1038 4271 1107 4324 nieht
1118 4271 1231 4324 verieblt
1242 4272 1345 4322 verder
1358 4271 1433 4336 boos,

271 4368 340 4406 uss
356 4353 429 4418 (oder
439 4353 508 4422 dari)
524 4357 570 4410 das
582 4357 662 4412 wart
677 4356 838 4426 wegialloo.“
860 4355 973 4426 lliastel,
994 4359 1035 4412 die
1053 4355 1188 4411 ratiooolla
1199 4354 1434 4424 Sprselrlorsohoag

341 4521 385 4592 22)
401 4523 527 4580 Perverse
538 4523 684 4582 emensos
696 4529 755 4598 XV,
773 4531 807 4584 ld
822 4529 902 4598 ptus
923 4529 1058 4598 „Papam
1074 4529 1176 4584 atiani
1194 4543 1243 4581 aaa
1254 4525 1434 4581 amamini·
