3186 4968
762 373 912 476 „ps-o-

253 565 395 648 itertungi
410 563 579 629 emendatio
594 555 706 626 πάντα
728 553 764 627 d’
786 553 903 649 τύσσχῆ
917 598 960 612 -·
974 555 1121 646 ἐξεύροις
1134 552 1185 636 dv,
1208 564 1255 630 out
1269 565 1418 648 equidem,

253 669 280 734 si
301 668 424 732 omnino
443 665 650 732 emendatione
670 685 747 750 opus
767 676 862 743 esset,
888 667 1068 752 praetensum
1098 665 1191 732 Grotii
1218 668 1418 734 coniectorem

254 765 313 836 ύνσ
335 763 370 836 d’
392 759 432 835 dv
455 762 571 856 τύτσχῆ
593 805 634 817 -
655 769 739 852 βίον,
762 787 853 854 quom
868 764 1198 854 Votetennrio‘quoque
1218 771 1363 853 ptsouisss
1378 772 1419 834 vi·

255 876 323 946 deo,
339 873 428 938 distr.
444 895 473 957 p.
488 871 562 936 229.

342 978 590 1051 cremantem,
613 976 680 1040 tinet
705 975 892 1041 tolerandum
916 975 972 1040 sibi
999 975 1094 1041 videet
1120 977 1200 1060 quod
1227 975 1335 1042 mutari
1361 993 1421 1042 non
1537 951 1540 958 ⁵

257 1081 361 1166 possit,
376 1079 534 1164 exprobret
547 1080 653 1142 esttem
669 1079 795 1162 spotttnt
811 1079 995 1144 iniustitiam.
1040 1079 1195 1156 iniustum,
1212 1079 1317 1164 inquit,
1332 1089 1362 1144 et
1377 1079 1424 1145 hio

256 1192 288 1250 et
301 1185 358 1250 nne
372 1193 402 1249 te
417 1193 548 1268 pnestss
562 1200 629 1265 οτρτ
644 1182 897 1258 tumnensium,
913 1201 988 1264 quse
1002 1199 1083 1248 nune
1094 1203 1162 1250 meo
1174 1203 1225 1248 one
1239 1184 1324 1268 quest
1338 1202 1423 1268 psoe-

257 1307 327 1353 seus
347 1288 494 1370 loquitur:
517 1271 556 1370 ἧς
578 1279 737 1368 πάρεισιν
758 1276 792 1348 oi
814 1277 917 1366 λύγοι.
962 1285 996 1349 in
1017 1285 1154 1368 proximo
1175 1305 1261 1352 versu
1276 1287 1420 1352 Hermon·

241 1439 243 1444 .
258 1411 315 1456 nno
330 1390 447 1474 scripsit

402 1487 444 1556 σύ
465 1483 494 1554 τ’
516 1483 575 1554 ούκ
596 1483 725 1566 ἔσωσας
747 1485 804 1553 τὸν
825 1483 886 1553 σύν
907 1482 945 1552 ὃν
966 1489 1075 1557 odoni
1095 1481 1125 1558 τ’
1146 1485 1250 1578 ἐχρῆν,

403 1585 478 1660 οὔθ’
500 1585 677 1680 ἱστορούσῃ
700 1590 798 1680 μητρὶ
819 1585 938 1675 ptime
960 1583 1007 1658 de
1028 1589 1122 1676 ἱροῖς,

259 1720 353 1785 quunt
370 1699 401 1764 in
416 1698 566 1764 codicibus
581 1707 631 1764 eut
646 1691 744 1762 οὐδ’
766 1689 825 1762 oin
847 1697 887 1762 sit
907 1709 958 1762 nut
977 1693 1018 1764 σύ
1042 1689 1067 1782 γ’
1091 1691 1166 1776 nde,
1189 1719 1317 1784 quorum
1337 1699 1362 1765 si
1382 1701 1424 1764 nt·
1462 1738 1464 1744 s

259 1815 359 1870 terum
375 1813 477 1870 utrum
493 1803 726 1888 praeoptantium
741 1803 790 1878 sit,
805 1810 932 1886 praestet
947 1803 1027 1868 hsud
1040 1803 1129 1870 dubie
1144 1797 1213 1887 σύγ’
1234 1795 1303 1880 ούκ,
1319 1823 1425 1888 qnem-

260 1909 420 1975 sdmodum
438 1907 607 1990 tinnungus
620 1907 746 1991 seriptit.
769 1907 844 1972 Nom
861 1901 899 1994 γέ
913 1908 1083 1991 saepissime
1099 1908 1177 1974 idem
1192 1909 1255 1973 tere
1269 1909 1427 1994 essequod

263 2008 327 2098 γάρ
342 2030 430 2077 nemo
445 2011 539 2076 nmnit
558 2011 607 2087 (ci.
630 2011 802 2076 Buttmann.
822 2011 858 2074 od
881 2012 973 2094 Soptt.
996 2011 1070 2076 Phil.
1093 2031 1118 2075 v.
1135 2013 1207 2076 ton.
1223 2014 1258 2076 ad
1276 2013 1428 2077 Demostn.

263 2118 333 2182 stin.
349 2139 378 2201 p.
395 2119 445 2192 to,
467 2117 616 2180 Sentetes.
638 2133 737 2196 oppon.
758 2115 824 2177 erit.
845 2115 881 2176 ed
902 2115 1055 2177 Densosth.
1075 2113 1096 2186 Ι,
1118 2137 1146 2198 p.
1169 2115 1258 2192 784),
1279 2133 1376 2198 neque
1396 2115 1425 2178 id

264 2221 418 2284 mirabitur
442 2219 493 2302 qui
513 2217 570 2282 hon
584 2217 683 2303 ipsum
699 2209 761 2298 γάρ
776 2217 849 2280 ndtit
864 2217 919 2280 nisi
934 2212 970 2298 γε’
992 2207 1032 2299 ἄρ
1053 2238 1119 2281 esse
1131 2219 1310 2294 meminerit,
1325 2227 1354 2282 st
1366 2217 1426 2300 pri·

263 2323 396 2388 mitisnm
417 2321 494 2385 iltius
513 2321 634 2382 vooutoe
656 2319 715 2382 vim
736 2319 961 2383 essevemtivem
983 2339 1047 2383 esse
1062 2331 1211 2403 ngnnsent,
1234 2323 1296 2384 tere
1317 2329 1350 2384 ut
1372 2337 1426 2383 no-

262 2434 342 2489 stroe
358 2421 578 2508 particulaejs,
600 2439 674 2503 quse
694 2432 725 2485 et
743 2421 806 2505 ipss
826 2439 886 2485 non
906 2439 974 2486 roro
995 2431 1155 2508 usurpetur
1169 2424 1219 2487 ubi
1234 2441 1338 2487 eorum
1354 2441 1428 2504 «pune

264 2536 333 2592 onte
348 2527 425 2591 diets
440 2535 511 2589 sunt
525 2525 600 2590 retio
614 2525 757 2600 redditur,
773 2525 802 2588 id
818 2527 898 2609 qnod
914 2543 976 2588 non
991 2527 1054 2590 sine
1070 2528 1197 2611 quadam
1213 2526 1429 2592 asseveratione

265 2631 329 2696 fieri
343 2638 575 2696 consentaneum
590 2637 647 2693 est.
684 2629 727 2694 ct.
743 2648 819 2712 quse
833 2629 960 2693 diximus
975 2629 1004 2694 in
1017 2629 1092 2694 libro
1106 2631 1143 2694 do
1160 2637 1245 2714 pontt.
1261 2649 1305 2694 or.
1322 2650 1350 2712 p.
1370 2629 1429 2691 196

265 2745 297 2801 st
310 2739 390 2800 Curt.
406 2733 532 2816 Etpmot.
547 2752 590 2816 gs.
607 2733 643 2808 u,
659 2753 687 2816 p.
707 2731 776 2798 103.
811 2733 981 2796 Pronomen
996 2727 1037 2796 σύ
1052 2733 1082 2796 in
1097 2733 1180 2797 initio
1196 2734 1374 2797 collocutum¹
1388 2731 1432 2796 sie

265 2837 461 2922 suptimvmis,
484 2843 519 2900 ut
538 2855 606 2901 eunt
622 2837 755 2920 emphasi
769 2836 897 2919 quodnm
913 2836 1008 2900 ettemi
1024 2835 1070 2900 dei
1085 2854 1242 2920 personum
1258 2837 1354 2900 dicos:
1383 2844 1430 2906 tu.

266 2941 316 3024 qui
331 2943 405 3004 deus
419 2959 451 3004 es
465 2959 499 3004 ec
514 2941 598 3022 proin
614 2939 697 3004 tacite
710 2957 828 3002 sertore
844 2939 935 3002 titium
951 2951 1079 3022 poteras,
1094 2949 1195 3002 tomen
1210 2959 1278 3003 eum
1294 2957 1356 3002 non
1366 2955 1431 3002 ser-

267 3043 351 3108 vasti.
396 3043 434 3106 Et
447 3041 602 3124 emphasin
617 3042 704 3106 etiem
721 3041 908 3104 tiermennus
922 3041 1075 3124 agnovisse
1090 3042 1221 3117 uidetur,
1245 3060 1337 3124 quum
1359 3059 1430 3106 eon·

269 3153 374 3210 vertet:
401 3163 457 3209 noo
476 3155 509 3208 tu
531 3143 624 3208 iecisti
648 3143 817 3209 ottieium
845 3152 961 3218 tuum,
988 3159 1054 3208 neo
1079 3153 1236 3208 matrem
1263 3162 1371 3207 suum
1393 3153 1433 3207 nt

268 3250 388 3312 tenere
414 3247 541 3330 possit
565 3245 769 3311 sdiuvnbis.
814 3245 929 3309 ilnttom
956 3253 1065 3320 tannen,
1092 3245 1203 3328 inquit,
1230 3247 1303 3310 tiber
1328 3245 1432 3328 uliquis

269 3351 424 3434 praeberet
439 3338 478 3426 ύς
499 3338 577 3425 ούτ’,
599 3357 630 3412 et
644 3348 794 3413 [tolomeus
809 3367 929 3432 quoque
945 3341 983 3425 ὃς
1006 3339 1032 3430 γ’
1055 3339 1122 3415 oi‘e'
1134 3349 1236 3424 suasit,
1252 3367 1342 3433 quem
1358 3365 1429 3412 non·

269 3453 412 3518 isntnmtn
428 3451 596 3516 Badhomus
615 3451 862 3534 elegantissimam
883 3452 961 3516 dicit.
1007 3451 1072 3517 Non
1092 3453 1258 3518 intercedo:
1281 3452 1374 3517 miror
1388 3459 1431 3516 te·

269 3575 339 3622 men
353 3555 465 3620 nemini
486 3553 518 3618 in
538 3563 669 3617 mentem
692 3555 809 3618 tenues
829 3543 895 3618 ο’ύτ’
917 3546 985 3620 σύν.
1029 3555 1103 3620 Nun
1126 3556 1151 3620 si
1171 3556 1263 3620 semet
1278 3574 1295 3619 e
1309 3555 1434 3620 libmriis

269 3649 338 3742 σύγ’
360 3676 414 3743 pro
437 3647 506 3720 ούτ’
526 3656 669 3740 scriptum
684 3675 749 3721 esse
764 3675 877 3732 sumes,
899 3675 1020 3724 neeesse
1040 3659 1096 3722 tuit
1118 3659 1206 3723 etiem
1227 3677 1356 3742 sequens
1379 3643 1435 3720 oio

270 3763 300 3826 in
322 3753 381 3829 ούτ
402 3757 520 3824 mutari.
573 3759 767 3842 Aptissimum
788 3769 867 3824 sorte
887 3761 918 3824 in
938 3763 995 3826 hoo
1013 3770 1152 3826 contestu
1174 3749 1242 3824 ούτ’
1263 3747 1321 3825 σύν
1341 3759 1434 3822 tuisse

271 3883 360 3930 nemo
373 3863 555 3928 diffitebitur.
599 3861 642 3928 ct.
657 3861 745 3927 Hom.
760 3863 793 3926 u.
809 3861 898 3942 xvii,
918 3863 975 3928 20:
1006 3855 1044 3928 ού
1066 3859 1127 3944 μὲν
1149 3859 1252 3926 καλὸν
1275 3853 1434 3942 ύιτέρβιον

273 3957 508 4046 nomentanae
535 3955 602 4030 oi‘o'
629 3951 689 4030 ούν
715 3957 904 4050 παρδάλιος
930 3959 1051 4030 τόσσον
1076 3961 1174 4047 μύσος
1194 3955 1271 4028 odes
1292 3957 1434 4039 λέοντος.

273 4067 341 4132 nm.
371 4067 461 4131 sude.
491 4087 516 4130 e.
547 4065 626 4132 ³2⁷:
655 4061 713 4131 sni
742 4063 871 4150 γυναικὶ
899 4063 1051 4146 δυστυχοῖ
1078 4063 1178 4153 δούλῃ
1204 4058 1366 4150 κατέστης
1388 4057 1437 4140 οἷς

273 4157 380 4252 oiyoie'·
403 4159 463 4233 ούτ
485 4162 570 4251 dewi
593 4161 659 4237 o’dt'
682 4156 740 4235 σύν
760 4165 799 4236 σύ
827 4169 947 4256 Τρούσρ
969 4161 1045 4260 σύτο
1066 4170 1129 4236 σού
1156 4159 1278 4254 Τροίην
1299 4161 1361 4233 du.
1398 4165 1437 4230 Et

274 4271 318 4336 sio
331 4273 368 4336 de
382 4283 450 4339 noto
463 4275 657 4350 odiuntibus,
671 4293 799 4358 qnorum
813 4274 1046 4340 onmtdstionem
1061 4271 1193 4357 Euripidi
1207 4291 1225 4334 e
1239 4268 1363 4336 eomiois
1382 4288 1435 4334 es·

275 4375 406 4461 protasi
428 4378 544 4444 solitum
564 4378 690 4460 tegimus
709 4377 778 4456 (vid.
807 4377 935 4442 Elmslei.
958 4379 994 4442 ed
1020 4375 1096 4442 Med.
1124 4395 1150 4439 τ.
1178 4373 1249 4438 tot.
1274 4373 1373 4437 ttoni.
1399 4372 1435 4437 ed
