3186 4968
743 493 893 592 ...¹25-

231 701 290 765 que
305 681 438 765 plerique
452 679 539 744 vitam
555 699 676 746 omnem
693 681 730 744 ah
740 679 992 746 administratione
1003 679 1045 744 rei
1057 679 1189 762 publicae
1201 680 1286 764 longe
1298 701 1400 749 remo·

231 792 293 848 tarn
310 783 476 860 habuerint,
492 783 548 848 sibi
563 793 662 849 tamen
678 804 827 850 summam
839 803 939 848 rerum
951 782 1083 868 permitti
1095 803 1207 867 suaque
1219 785 1333 862 iudicia,
1349 796 1400 852 aut

231 889 389 974 opiniones
404 889 502 971 potius
517 895 548 952 et
558 889 732 974 cupiditates
743 889 809 972 plus
821 889 915 952 valere
925 888 1086 970 postulent,
1102 907 1191 970 quam
1208 890 1399 972 probatorum

230 992 366 1057 virorum
381 993 511 1068 consilia,
527 1013 603 1078 quos
617 994 695 1076 regis
710 992 891 1076 providentia
906 991 1097 1055 administros
1112 990 1167 1054 sihi
1187 992 1273 1075 clegit
1292 993 1400 1074 guber·

231 1097 405 1179 necutisque
420 1097 560 1172 admovit,
575 1116 676 1161 rerum
692 1117 748 1161 usu
763 1107 794 1161 et
805 1096 982 1180 experientia
999 1095 1062 1160 istis
1082 1103 1162 1158 certe
1181 1096 1331 1179 popularis
1346 1115 1399 1160 au·

232 1219 283 1266 rac
308 1201 509 1284 captatoribus
535 1203 683 1284 eliquanto
705 1201 810 1266 melius
836 1203 1004 1266 instructos.
1038 1201 1154 1275 Quotus
1173 1200 1253 1263 enlm
1275 1200 1401 1283 quisque

234 1303 364 1368 istorum
379 1315 435 1376 est,
451 1304 502 1387 qui
517 1323 578 1368 nou
593 1313 661 1368 autc
677 1324 765 1388 quam
781 1314 1006 1388 promoveretur
1020 1302 1175 1366 hominum
1192 1303 1238 1366 sui
1260 1303 1401 1366 similium

234 1407 383 1490 suffragiis
397 1417 478 1471 totus
493 1408 627 1490 quaestui
647 1427 703 1471 suo
724 1408 871 1482 intentus,
894 1407 990 1471 autin
1010 1413 1072 1470 arte
1100 1407 1296 1490 qualicunque
1315 1406 1402 1470 lacti·

233 1513 327 1575 tanda
341 1519 392 1575 aut
406 1511 436 1574 in
448 1522 614 1575 mercatura
628 1512 812 1594 negotiisque
831 1510 954 1575 lucrosis
974 1518 1026 1573 aut
1042 1509 1074 1572 in
1093 1510 1216 1572 minutis
1237 1509 1334 1574 causis
1354 1511 1403 1573 lo·

234 1614 375 1678 rensibus
389 1613 510 1695 agendis
524 1620 554 1676 et
564 1613 762 1696 disceptandis
779 1625 920 1686 versatus,
932 1613 974 1676 rei
989 1612 1123 1696 publicae
1140 1631 1243 1676 causas
1267 1623 1297 1676 et
1311 1613 1403 1676 ratio·

234 1735 290 1781 nes
306 1723 358 1781 aut
372 1717 457 1800 piane
471 1733 533 1780 non
547 1717 684 1798 attigerit,
700 1725 751 1780 eut
765 1726 844 1780 certe
858 1734 919 1780 non
934 1717 1051 1780 aliunde
1071 1735 1161 1798 quarn
1182 1716 1290 1798 partim
1310 1735 1345 1779 ex
1369 1715 1404 1778 li·

235 1819 298 1884 loris
316 1819 352 1882 ah
369 1818 541 1883 umbraticis
567 1817 739 1883 doctoribus
760 1819 790 1882 in
811 1819 934 1883 alicuius
955 1819 1072 1882 scholae
1092 1819 1200 1900 angulo
1223 1819 1405 1902 compositis,

236 1923 346 2006 partim
360 1955 404 1969 —-
417 1921 497 2004 quod
513 1921 594 2004 peius
608 1931 656 1984 est
669 1953 712 1967 —
726 1941 743 1983 e
757 1921 904 1984 vilissimis
920 1921 1082 1994 schedulis,
1098 1922 1199 2004 quales
1218 1922 1255 1986 ah
1275 1921 1406 1984 homini-

237 2025 295 2089 bus
310 2029 362 2089 ent
375 2023 517 2106 improbis
532 2034 583 2086 aut
597 2023 741 2105 imperitis
757 2023 887 2104 quotidie
898 2034 1093 2105 sparguntur,
1109 2023 1239 2104 cognitas
1260 2023 1406 2100 habuerit,

236 2127 410 2209 sicognitas
424 2126 520 2189 dicere
535 2125 604 2188 licet
618 2143 665 2188 res
680 2125 755 2189 rnale
770 2127 876 2190 relatas
892 2128 1026 2208 maleque
1041 2137 1184 2210 acceptas.
1215 2127 1280 2191 Nou
1296 2127 1405 2190 mirum

237 2229 331 2314 igitur
342 2229 373 2292 iu
389 2229 489 2293 talium
504 2229 659 2292 hominnm
674 2229 804 2293 conciliis
822 2239 856 2292 ut
876 2227 1002 2312 quisque
1020 2228 1214 2292 audacissimo
1236 2228 1341 2310 loquax
1361 2237 1408 2292 est
1513 2289 1516 2294 ,
1549 2179 1550 2238 3

237 2351 400 2416 rerumque
414 2333 613 2414 ignoratarum
627 2333 756 2414 peritum
771 2352 804 2396 se
823 2352 890 2398 esse
910 2334 1010 2407 iactat,
1032 2331 1072 2395 itn
1092 2331 1222 2394 maximo
1244 2331 1273 2394 iu
1293 2331 1407 2394 honore

236 2455 306 2500 esse
319 2436 396 2518 spuet
411 2435 568 2511 auditores,
584 2434 681 2498 honos
700 2435 826 2498 tortasse
846 2435 982 2498 siros-
1001 2433 1068 2516 quis
1088 2433 1168 2496 enim
1188 2433 1247 2496 hoc
1267 2430 1408 2515 negabit?

237 2573 281 2588 -·
291 2539 345 2602 sed
361 2556 466 2622 parunt
481 2545 582 2600 tamen
596 2536 707 2620 peritos
721 2545 753 2601 et
770 2538 869 2602 minus
884 2537 975 2600 etiam
996 2555 1084 2619 quam
1103 2535 1176 2598 istos
1196 2535 1407 2600 declamatores

237 2659 340 2706 rerum
352 2658 471 2722 gnaros,
485 2641 657 2722 multosque
672 2639 794 2723 insuper
807 2641 895 2704 etiam
912 2637 1018 2702 morbo
1038 2637 1167 2720 quodam
1183 2639 1302 2702 enectos
1317 2638 1407 2702 nimis
1490 2643 1492 2648 '

238 2743 328 2809 hodie
338 2751 503 2825 pervagato,
518 2761 608 2824 quern
623 2743 723 2806 nescio
738 2761 866 2825 (quonam
882 2743 995 2825 aptiore
1007 2759 1095 2824 quam
1111 2742 1258 2824 vertiginis
1271 2760 1409 2824 progres-

237 2849 318 2912 sirae
332 2845 455 2909 nomine
468 2845 623 2929 appellem.
649 2845 679 2908 ls
694 2847 816 2910 morbus
832 2845 927 2929 qualis
942 2847 990 2921 sit,
1007 2864 1066 2928 quo
1082 2845 1226 2928 progredi,
1243 2863 1333 2926 quem
1344 2845 1407 2908 exi·

238 2959 306 3017 turn
321 2949 431 3015 habere
445 2949 548 3024 soleat,
562 2968 599 3013 eu
614 2948 735 3014 historia
751 2952 928 3034 populerunt
944 2947 1126 3026 similimalo
1141 2949 1315 3012 allectorum
1336 2948 1408 3013 disci

240 3073 258 3120 a
272 3053 466 3140 prudentibus
481 3062 579 3138 potest
593 3053 765 3137 dictumque
780 3055 891 3119 dudum
907 3061 955 3118 est
969 3071 985 3116 a
1001 3051 1132 3128 Platone,
1149 3053 1185 3116 de
1199 3069 1232 3116 re
1247 3051 1327 3136 publ.
1344 3051 1407 3116 vttt

240 3178 270 3244 p.
286 3159 349 3223 562
360 3177 397 3235 c,
413 3177 502 3241 quern
514 3159 622 3233 locum,
638 3159 807 3223 aCieerone
822 3159 859 3222 de
869 3177 901 3223 rc
914 3158 994 3242 puhl.
1007 3158 1019 3222 l
1031 3178 1056 3223 c.
1073 3159 1110 3220 tt
1120 3157 1209 3220 lotine
1220 3174 1406 3232 conversum,

241 3261 399 3343 legendum
413 3263 663 3345 relegendumque
678 3263 815 3326 omnibus
826 3261 1104 3335 commendaverim,
1121 3261 1170 3340 qul
1182 3255 1243 3324 non
1255 3265 1340 3342 turpe
1352 3258 1408 3323 sihi

242 3363 576 3428 existimantal’latonc
587 3363 696 3430 doceri.
719 3364 820 3444 Neque
832 3363 960 3427 alienum
971 3361 1062 3425 luerit
1072 3361 1161 3424 etiarn
1173 3361 1295 3425 fabellae
1305 3361 1405 3427 cuius·

243 3465 312 3529 datu
325 3465 468 3548 hceopiae
483 3465 654 3530 meminisse
670 3466 706 3530 de
721 3475 869 3548 serpente,
884 3465 968 3530 cuius
979 3482 1073 3548 quum
1087 3463 1179 3527 cauda
1191 3463 1277 3546 capiti
1288 3465 1408 3529 obedire

243 3577 275 3632 et
288 3565 412 3651 obsequi
426 3579 574 3632 recusaret
588 3568 817 3653 pervicissctquc
831 3570 952 3632 tandem
970 3579 1005 3633 ut
1022 3566 1154 3649 regimen
1175 3567 1232 3630 sihi
1251 3567 1407 3650 permitte·

241 3681 333 3746 retur,
348 3679 461 3735 temere
477 3669 624 3735 etstollde
637 3689 774 3754 grassem
789 3690 848 3737 una
868 3691 938 3737 cum
957 3671 1052 3754 capite
1070 3677 1167 3734 semet
1186 3669 1249 3751 ipsa
1268 3688 1407 3752 pessum-

244 3772 372 3852 celtu).
398 3772 472 3838 'l'aus
492 3775 612 3859 ancipiti
631 3775 718 3858 igitur
737 3773 843 3838 morbo
862 3774 914 3858 qui
934 3773 1052 3838 obsistit
1071 3791 1202 3856 eumque
1216 3790 1352 3836 mersere
1377 3781 1409 3836 et

243 3879 404 3962 reprimere
419 3879 574 3954 medicine,
588 3879 614 3943 ei
630 3887 737 3963 potest,
752 3877 821 3958 leni,
835 3877 882 3943 siu
893 3877 965 3942 haec
975 3895 1080 3962 perum
1092 3875 1234 3960 prolectat,
1247 3877 1409 3940 vehemen-

243 3979 312 4046 tiori
324 3980 435 4056 studet,
450 3981 530 4046 hune
543 4001 598 4064 epo
613 3998 675 4045 uon
689 3981 765 4046 male
780 3981 817 4046 de
831 3999 864 4046 re
879 3981 995 4065 publiea
1007 3980 1114 4045 mereri
1126 3979 1262 4058 arbitror,
1277 3979 1409 4062 nihilque

244 4083 337 4166 tnagis
351 4084 514 4168 optandum
528 4095 601 4168 puto
616 4103 705 4166 quam
720 4093 753 4150 ut
769 4085 948 4168 contemptis
963 4092 1162 4167 aegrotorum,
1184 4083 1236 4168 qui
1258 4103 1291 4148 ee
1311 4083 1410 4148 senui

245 4184 360 4260 notum,
375 4184 632 4252 resileretiouihue
644 4197 677 4282 et
690 4187 828 4253 conviciis
842 4188 874 4254 iu
884 4185 1082 4272 cnequeudie
1090 4187 1221 4253 consiliis
1231 4183 1410 4252 solutoribus

316 4421 341 4486 tt
354 4419 463 4478 Rettulit
473 4424 538 4480 haee
549 4423 667 4483 letellere
679 4427 830 4485 Plutarchus
841 4429 868 4483 le
880 4429 936 4484 alte
945 4426 1036 4497 Aeliis
1052 4443 1074 4482 e.
1091 4426 1121 4481 ia
1138 4443 1194 4483 ιιιιιι
1210 4429 1236 4484 ln
1254 4427 1408 4484 collectione

246 4502 388 4566 ΝΜ
398 4509 564 4584 &rehtu
572 4529 622 4569 ese
632 4513 735 4586 ieptter.
747 4513 786 4573 ct
798 4517 876 4572 eu·
886 4531 976 4572 eeu.
988 4523 1070 4572 eeetr.
1081 4515 1108 4570 te
1120 4511 1188 4570 l’lut
1206 4529 1232 4584 p.
1244 4514 1288 4572 dd.
