3186 4968
781 457 912 558 „ns

349 647 384 711 iu
399 645 536 730 proximo
552 665 639 711 versu
653 647 781 711 (irenae

512 739 554 813 oi'
574 767 678 836 φησιν
699 741 797 835 αὐτή·
819 747 876 814 καὶ
898 743 1074 814 πέπονθεν
1095 739 1214 822 iiddom

263 853 326 918 hoe
338 842 379 918 od
392 870 495 938 φησιν
508 871 564 936 pro
578 871 624 930 so,
639 853 720 935 ‹puod
736 854 852 917 oodioos
867 853 987 928 hairent,
1002 843 1023 914 ii
1037 869 1149 937 φησιν.
1163 849 1353 916 scribendum
1369 869 1435 914 esse

266 955 402 1040 plerique
421 955 622 1020 eonsentiuot.
658 955 733 1021 Nom
753 956 834 1040 qnod
850 955 1025 1020 diottirioeus
1045 956 1085 1018 sit
1104 948 1125 1020 δ’
1147 973 1231 1041 φησι
1253 953 1433 1036 iungendum

267 1080 336 1124 esse
357 1078 427 1124 oum
447 1077 534 1123 versu
553 1059 722 1141 superiore,
743 1059 774 1122 ir.
796 1079 822 1122 o.
844 1058 1079 1122 soimrrdiondum
1101 1079 1167 1123 esse
1187 1079 1220 1121 ox
1241 1059 1291 1121 iiio
1312 1057 1434 1121 verbum

268 1153 463 1241 αἶοχίνιται,
485 1179 546 1224 non
561 1161 654 1243 magis
669 1161 854 1244 probandum
869 1168 925 1230 est.
938 1182 1027 1244 spiens
1040 1163 1119 1244 qnod
1132 1161 1322 1225 Doedoriinus
1334 1160 1435 1236 voluit,

269 1273 306 1328 ut
318 1263 512 1328 subaudiatur
526 1283 626 1350 epops,
641 1266 671 1328 Ιι.
687 1285 713 1328 e.
729 1273 762 1330 ut
777 1285 883 1330 sensus
897 1265 936 1330 sit
948 1265 1042 1348 (prod
1059 1265 1137 1348 ipso
1149 1265 1276 1340 aiteio,
1292 1274 1343 1328 out
1353 1263 1434 1348 quod

271 1367 373 1432 neseio
392 1367 440 1432 oui
455 1366 486 1430 in
501 1376 633 1431 montom
649 1369 763 1433 vonisse
778 1369 915 1441 memini,
944 1361 963 1430 'o'
983 1387 1088 1455 oppon
1110 1360 1203 1452 edroi,
1224 1391 1282 1432 και
1305 1363 1435 1432 πέπον·

270 1471 345 1550 θεν,
367 1461 492 1536 detio:
514 1471 610 1555 qnod
634 1472 713 1555 ipso
728 1472 795 1547 eit.
817 1472 879 1536 soii.
895 1492 933 1534 se
950 1491 1089 1556 passam
1105 1491 1206 1548 osso,
1227 1472 1334 1536 otium
1352 1493 1434 1539 vore

272 1595 377 1660 passs
396 1583 453 1640 est
472 1575 608 1640 mulier
627 1575 770 1640 misere.
801 1573 978 1640 iieiutontur
992 1577 1065 1642 ineo
1079 1577 1180 1642 omnis
1196 1577 1338 1661 proximis
1354 1577 1434 1642 ionis

269 1678 375 1748 seritis
390 1680 501 1762 quiippe
515 1697 591 1762 quse
604 1678 820 1753 demonstrent.
835 1681 974 1744 Creusam
991 1689 1108 1764 praeter
1117 1681 1335 1764 stupratiooem
1345 1681 1434 1747 etism

269 1781 326 1846 siis
340 1783 486 1867 qusedam
500 1782 577 1847 mois
593 1782 704 1847 smiore
719 1782 907 1866 significasse.
937 1783 1013 1847 iiine
1028 1785 1074 1847 iiio
1088 1783 1262 1866 intorropot:

514 1875 550 1948 si
569 1881 679 1970 χρῆμα
701 1875 851 1968 dosidem,
873 1876 903 1950 si
926 1886 1001 1970 θεῷ
1023 1880 1192 1972 ξυνεζύγης

270 1979 436 2070 Aedone
447 1985 479 2049 in
489 1986 547 2050 boo
560 1995 701 2050 oontextu
715 1987 793 2051 idem
809 1988 870 2052 iere
885 1988 965 2070 quod
982 1985 1146 2052 παθοῦσα
1161 2007 1226 2052 esse
1243 1989 1433 2054 menifestum

271 2097 332 2162 est,
354 2107 408 2171 pro
423 2088 588 2172 quostiam
604 2081 761 2170 πράξασα
775 2088 831 2151 disi
847 2089 956 2170 potuit,
981 2097 1015 2152 ut
1030 2089 1061 2152 in
1075 2091 1180 2154 Oreste
1195 2109 1221 2153 ι.
1239 2090 1300 2152 535
1316 2091 1352 2154 de
1368 2092 1435 2172 Cip-

271 2199 451 2254 tsemnestra
476 2191 541 2254 iure
566 2189 720 2252 interiecta
740 2189 912 2270 Tyndareus
940 2189 1011 2252 dicit
1034 2191 1183 2274 doyorpp
1211 2183 1271 2274 ipo)
1294 2181 1435 2256 θανοῦο’
1534 2191 1536 2197 ⁴

269 2286 412 2376 ἔπραξεν
425 2284 549 2356 ἔνδικα.
575 2290 687 2355 Eodem
702 2291 791 2372 igitur
805 2292 904 2365 modo,
919 2291 986 2355 iicet
1000 2293 1104 2366 rarius,
1119 2293 1208 2356 etiem
1225 2288 1306 2378 δρᾶν
1318 2293 1434 2368 dieitur,

270 2413 368 2478 neque
384 2403 495 2468 tomen,
510 2401 645 2476 utputo,
666 2393 760 2468 aliter,
775 2413 864 2476 quom
880 2393 930 2457 nbi
946 2396 1104 2476 praecessit
1118 2395 1236 2478 aliquod
1254 2396 1386 2470 verbum,
1403 2403 1437 2459 ut

270 2499 303 2562 ds
313 2499 333 2562 i
345 2493 527 2571 πέπονθεν,
542 2497 625 2562 ctrius
635 2495 877 2578 significationem
890 2497 959 2562 iliud
967 2499 1189 2580 quodammodo
1198 2499 1315 2580 repetit,
1329 2518 1434 2582 quem·

269 2602 432 2666 admodum
451 2601 541 2665 etism
558 2599 669 2664 ποιεῖν
682 2617 743 2662 non
757 2618 825 2664 raro
841 2601 1041 2684 pmeoedontis
1056 2602 1136 2666 uerbi
1152 2601 1282 2665 notionis
1297 2611 1433 2684 repeten-

270 2705 325 2768 dae
339 2703 398 2767 rim
412 2704 510 2769 nabot
538 2703 581 2768 Gi.
593 2701 745 2766 ttotodort.
761 2703 799 2767 sd
817 2703 889 2766 i'iat.
902 2703 995 2786 Soph.
1012 2725 1040 2786 p.
1057 2705 1118 2766 titt
1134 2710 1164 2767 et
1178 2725 1253 2787 quoe
1269 2703 1435 2770 notavimus

269 2807 308 2872 sd
327 2807 443 2872 lsseurn
458 2827 487 2890 p.
503 2807 576 2870 stt.
606 2808 643 2870 Et
661 2824 732 2870 sane
751 2805 840 2870 etism
862 2806 912 2889 qui
933 2808 1042 2889 potitur
1061 2807 1186 2889 aliquid,
1210 2827 1246 2871 eo
1269 2810 1333 2890 ipso
1354 2807 1434 2891 quod

269 2909 381 2994 petitur
394 2909 482 2975 etiarn
497 2929 582 2994 ogere
597 2909 705 2992 siiquid
722 2909 813 2972 uideri
828 2919 933 2991 potest.
952 2945 992 2956 -
1007 2909 1107 2974 iioiert
1122 2911 1226 2975 doinde
1238 2913 1347 2976 Creusa
1360 2931 1433 2994 pue·

268 3031 337 3080 runt
352 3033 369 3079 s
385 3023 479 3078 matre
493 3013 659 3096 expositum
676 3033 750 3086 osso,
766 3033 792 3074 ν.
810 3013 881 3087 358,

492 3112 549 3181 τὸν
571 3107 671 3180 παῖδ’
694 3103 730 3179 ὃν
750 3108 858 3180 ἔτεκεν
879 3109 1018 3202 ἐξέθηκε
1040 3111 1209 3198 δωμάτων,

270 3221 304 3286 in
323 3239 383 3306 quo
402 3219 475 3284 iliud
496 3213 632 3304 ἐξέθηκε
652 3211 814 3298 δωμάτιον
833 3239 893 3282 non
914 3220 999 3303 piene
1016 3221 1053 3284 ed
1074 3223 1224 3286 ueritatem
1241 3221 1353 3287 dietum
1369 3241 1435 3286 esse

271 3341 360 3390 nemo
382 3324 547 3389 mirabitur.
577 3324 619 3388 iis
634 3341 701 3386 sero
716 3321 797 3387 enim
813 3340 887 3406 puer
900 3321 948 3386 iiie
963 3322 993 3386 in
1008 3323 1112 3388 eodem
1128 3335 1229 3400 nostro,
1249 3325 1279 3389 in
1295 3343 1354 3408 quo
1370 3343 1434 3390 me-

269 3435 348 3492 trsnr
363 3428 468 3513 dpoilo
486 3434 716 3510 compresserat,
735 3435 767 3490 et
786 3424 883 3489 editus
896 3433 927 3489 et
940 3425 1091 3509 exprositus
1106 3427 1172 3492 iuit.
1202 3429 1261 3494 Sed
1277 3429 1306 3493 id
1322 3447 1402 3494 nuno
1416 3448 1433 3494 s

269 3531 380 3597 Creusa
405 3529 633 3597 oommemoruri
658 3547 718 3594 non
744 3547 820 3612 opus
845 3527 910 3592 init.
946 3527 987 3592 iio
1007 3529 1167 3595 Mercurios
1192 3532 1327 3614 quidem,
1354 3533 1434 3614 quod

270 3635 364 3718 tnag‘u
382 3635 509 3700 iortssse
530 3633 661 3709 roderis,
681 3632 712 3697 in
731 3633 854 3716 prologo
875 3651 901 3695 r.
927 3634 965 3696 16
984 3651 1048 3698 rem
1071 3635 1259 3718 pianesieut
1274 3642 1435 3718 gestasset

269 3739 394 3806 rettulit
422 3737 582 3816 Quaerenti
596 3745 695 3802 ouum
711 3736 790 3812 iuni.
810 3735 882 3821 quid
897 3735 1008 3802 iustum
1023 3737 1062 3802 sit
1077 3757 1169 3822 puero
1184 3739 1328 3823 exposito,
1342 3739 1391 3804 ilia
1406 3739 1435 3804 id

271 3841 399 3926 morari
418 3841 591 3927 respondet,
610 3859 737 3924 eamque
759 3839 798 3905 ob
818 3859 937 3905 consum
960 3859 1041 3907 nuno
1058 3843 1211 3908 oraculum
1231 3861 1295 3908 sse
1310 3843 1434 3920 consuli,

271 3963 300 4011 v.
313 3945 390 4012 stt:

473 4037 531 4114 nris
553 4033 645 4111 οἶδεν
665 4037 788 4122 οὐδεὶς·
809 4041 915 4110 ταῦτα
937 4045 994 4113 καὶ
1013 4043 1227 4132 μαντεύομαι,

273 4147 304 4216 h.
322 4169 350 4216 s.
368 4145 473 4217 snitu
491 4145 549 4218 ssd
561 4145 676 4240 ἐρωτῶ
689 4143 729 4216 sd
742 4149 905 4233 μαντεῖον.
933 4149 1113 4234 Moneodum
1129 4155 1187 4222 hoo
1200 4153 1300 4241 putori
1314 4163 1438 4240 propter

274 4273 336 4330 sos,
351 4253 403 4340 qui
416 4253 492 4322 torte
507 4253 538 4321 iu
552 4254 723 4324 huiusmodi
734 4261 882 4322 strueturs
893 4253 930 4320 de
941 4255 1034 4341 eitipsi
1046 4257 1273 4344 praepositionis
1285 4253 1344 4326 διά
1355 4259 1436 4345 oepi-

275 4364 353 4434 tent‚
374 4357 426 4444 tpd
444 4377 541 4436 error,
561 4359 629 4427 iiost
649 4359 762 4428 dudum
783 4381 800 4426 s
822 4359 1012 4445 peritioribus
1031 4363 1184 4448 explosus,
1205 4365 1315 4451 possim
1335 4373 1436 4430 tamen

274 4457 366 4527 stiam
385 4477 403 4526 s
416 4459 486 4526 siris
499 4461 570 4529 siiss
584 4481 645 4530 noo
659 4464 886 4531 contemnendis
900 4465 1058 4550 repetitur,
1078 4467 1158 4532 reiut
1171 4467 1203 4533 io
1217 4468 1276 4535 hoe
1289 4467 1355 4554 ipso
1369 4469 1436 4535 Ιοοο
