3182 4962
694 472 845 576 Q

185 662 326 750 giendum
346 663 514 733 absolutum
530 667 618 734 unius
632 667 686 734 riri
701 683 841 752 regnum,
862 683 951 750 quam
966 665 1140 749 popularem
1156 663 1236 728 illam
1252 663 1350 729 omni·

186 771 347 857 potentiam
373 791 438 837 esse
463 781 653 838 censuerunt.
693 763 730 837 ‘O
759 763 952 848 πολιτικός,
974 769 1070 852 inquit
1095 769 1287 842 Plutarchus,
1313 768 1348 832 da

94 887 97 892 '
186 875 433 951 moneremus,
460 865 491 940 εἰ
514 873 642 957 αἵρεσις
663 867 754 962 αὐτῷ
777 866 911 961 δοθείη,
934 869 1094 955 καθάπερ
1117 863 1264 954 ὀργάνων
1284 871 1349 934 τῶν

186 975 379 1056 πολιτειῶν,
402 969 460 1042 οὖν
483 967 524 1043 ἂν
546 971 648 1064 dltpr
669 975 782 1046 ἕλοιτο
803 975 891 1063 πλὴν
912 974 971 1062 τὴν
984 977 1172 1057 μοναρχίαν,
1195 967 1351 1038 Πλάτωνι

186 1073 406 1160 πειθόμενος·
429 1089 460 1145 et
484 1081 561 1164 apud
588 1083 770 1154 Cioeronem,
796 1081 832 1144 de
858 1099 890 1144 rs
915 1080 995 1162 publ.
1016 1082 1048 1152 l,
1069 1079 1120 1152 35,
1136 1081 1176 1140 54
1193 1077 1350 1160 Scipio,si

185 1201 296 1258 unum,
317 1183 428 1268 inquit,
451 1191 482 1248 el
503 1185 628 1269 simplex
643 1185 771 1249 maxime
786 1183 972 1268 probandum
988 1183 1028 1246 sit
1041 1200 1135 1264 genus
1151 1181 1193 1244 rei
1208 1181 1350 1264 publius,

185 1286 299 1370 regium
324 1287 452 1352 maxime
477 1287 601 1372 probem
628 1297 717 1370 atque
742 1287 888 1370 imprimis
915 1285 1047 1356 laudem,
1074 1285 1239 1367 eodemque
1262 1284 1349 1347 modo

186 1389 265 1454 idem
281 1409 305 1453 ο.
323 1392 375 1466 45,
391 1391 442 1465 69,
458 1411 494 1456 ea
510 1391 603 1454 tribus
617 1391 784 1476 generibus,
800 1390 881 1472 regio
895 1389 1017 1462 scilieet,
1033 1387 1225 1471 oligarcbicu,
1245 1388 1350 1450 demo·

186 1493 307 1567 cratieo,
323 1493 409 1576 lunge
423 1499 554 1577 praestat
569 1513 633 1558 mea
648 1494 794 1557 sententia
809 1493 934 1575 regium.
958 1492 1018 1555 Neo
1032 1493 1115 1555 aliter
1129 1491 1207 1573 apud
1224 1491 1349 1554 eundem

185 1595 235 1669 lll,
257 1596 309 1671 at,
331 1597 372 1658 tu
394 1597 445 1679 Sp.
461 1595 623 1660 blummius
643 1613 768 1678 regnum
788 1615 821 1659 se
837 1595 923 1658 malle
938 1597 1095 1676 profitetur
1109 1613 1199 1676 quam
1217 1593 1350 1666 liberum,

186 1699 215 1760 b.
230 1717 257 1761 e.
273 1698 417 1762 arbitrum
433 1699 475 1762 rei
490 1699 638 1781 publicae,
655 1697 809 1782 populum.
840 1697 986 1760 Nimirum
1002 1715 1061 1760 non
1077 1697 1146 1760 illud
1163 1697 1244 1778 regni
1259 1713 1351 1777 genus
1488 1695 1492 1704 '
1535 1681 1539 1688 ’

186 1801 336 1875 dicebant,
358 1802 444 1884 quale
463 1803 672 1866 nonnullumm
695 1802 725 1864 in
746 1799 866 1864 Graecia
886 1807 1079 1883 tyrannorum
1101 1799 1192 1862 luisse
1207 1800 1351 1872 norimus,
1393 1885 1395 1888 Ι

184 1921 239 1986 per
265 1901 324 1965 rim
349 1911 438 1986 atque
464 1902 602 1968 iniuriam
628 1913 765 1986 partum,
792 1921 847 1966 nec
867 1903 924 1966 nisi
944 1903 1050 1966 eodem
1072 1921 1132 1985 quo
1152 1908 1271 1984 partum
1291 1909 1352 1964 erat

186 2005 275 2068 modo
295 2005 501 2080 retinendum,
521 2016 572 2068 aut
583 2005 734 2086 Tarquinii
750 2005 845 2080 illius,
861 2005 945 2070 estius
960 2004 1097 2088 superbit
1111 2005 1222 2068 laetum
1238 2013 1302 2076 est,
1322 2011 1354 2066 ut

184 2106 266 2188 regul
287 2105 439 2170 Romanos
463 2105 609 2179 taederet,
635 2121 695 2168 non
711 2105 808 2186 regni,
826 2105 879 2168 sed
894 2107 970 2186 repis
985 2105 1072 2176 altio,
1097 2117 1132 2168 ut
1146 2107 1186 2168 ait
1201 2107 1305 2170 Cicero
1321 2103 1354 2168 da

184 2206 256 2288 legg.
279 2205 328 2282 ΙΙΙ,
350 2205 380 2280 t,
405 2207 453 2278 lb,
479 2205 533 2270 ssd
559 2205 721 2288 legitimum
749 2205 897 2287 quoddam
923 2223 1017 2288 genus
1040 2205 1156 2289 imperii
1170 2207 1355 2287 spectabant,

184 2325 331 2370 consensu
352 2307 477 2370 civitatis
498 2325 533 2370 ae
552 2307 685 2370 moribus
700 2305 873 2378 mndatum,
901 2323 995 2388 quum
1010 2325 1160 2370 summam
1176 2317 1352 2388 potestatem

184 2427 262 2473 unus
283 2409 404 2474 baberet
426 2417 507 2472 eerto
528 2418 559 2472 et
573 2409 796 2472 incontrotemo
812 2409 876 2472 iure
890 2407 945 2472 sibi
960 2408 1105 2472 delatum:
1127 2429 1215 2492 quem
1232 2409 1350 2490 quidem

184 2511 262 2575 baud
283 2511 368 2574 lacile
386 2510 460 2574 adeo
475 2511 670 2594 desipientem
687 2511 845 2593 omnisque
861 2511 906 2573 uel
923 2511 1080 2574 mediocris
1095 2513 1268 2594 prudentiae
1283 2529 1351 2574 sen·

183 2633 294 2696 susque
309 2613 478 2677 eommunis
493 2623 646 2697 expertem
661 2613 727 2677 iore
740 2613 964 2687 existimabant,
986 2623 1020 2676 ut
1035 2633 1095 2676 non
1112 2613 1170 2678 boc
1184 2615 1290 2678 saltem
1306 2615 1351 2678 in·

183 2717 336 2797 telligeret,
352 2735 405 2778 sua
421 2733 483 2780 non
499 2718 598 2780 minus
613 2734 702 2798 quam
719 2717 843 2780 civitatis
858 2717 1015 2790 interesse,
1035 2728 1068 2780 ut
1083 2735 1130 2781 ros
1145 2717 1262 2799 publiea
1277 2718 1350 2780 bene

183 2819 449 2894 administraretur,
474 2839 587 2902 eosque
614 2821 702 2903 igitur
721 2821 778 2884 sibi
798 2820 980 2884 nomiliarius
1001 2831 1030 2883 et
1051 2821 1204 2884 ministros
1224 2821 1351 2885 eircum-

183 2923 323 3004 spioeret,
343 2921 394 3004 qui
416 2923 543 2988 maxime
565 2933 665 2987 essent
685 2923 722 2987 ad
745 2924 820 2986 bans
835 2941 899 2987 rem
915 2923 1027 2987 idonei:
1048 2923 1222 3007 inquorum
1238 2925 1351 2988 delectu

186 3024 249 3088 ieet
269 3043 367 3089 errare
382 3037 499 3108 posset,
520 3033 600 3090 certe
615 3035 715 3091 lamen
731 3043 792 3090 non
808 3027 926 3110 saepius
941 3039 1126 3098 amatunam,
1145 3047 1235 3110 quam
1251 3030 1282 3092 in
1297 3029 1349 3092 de·

183 3128 325 3192 mocratia
347 3130 489 3212 populum
511 3149 634 3212 prorsus
656 3131 737 3194 nullo
753 3131 842 3193 modo
857 3131 902 3192 tel
916 3131 951 3192 ad
968 3131 1157 3194 iudicandum
1173 3143 1254 3196 recte
1270 3133 1306 3195 de
1320 3149 1351 3196 re

182 3231 298 3314 publiea
309 3233 353 3296 sel
368 3233 403 3296 ad
419 3233 549 3316 optimos
564 3233 628 3296 eius
642 3233 897 3297 administratores
912 3233 1083 3316 deligendos
1099 3235 1250 3299 idoneum.
1277 3236 1352 3300 llaec
1480 3261 1486 3274 ·
1513 3265 1515 3274 s

182 3333 261 3396 enim
283 3352 341 3398 una
356 3341 447 3399 estet
461 3335 651 3399 consentiens
667 3345 799 3399 veterum
816 3335 1003 3419 politicorum
1020 3339 1181 3412 sententia,
1203 3359 1351 3422 quaeque

181 3437 291 3500 rectius
311 3457 327 3500 a
348 3439 435 3502 nobis
449 3439 634 3512 aestimetur,
655 3439 726 3502 illud
743 3440 832 3503 eliam
848 3439 1143 3504 animadvertendum
1159 3441 1230 3516 erit,
1258 3443 1352 3525 quod·

181 3555 249 3602 nam
267 3539 306 3602 illi
322 3539 477 3604 hominum
493 3559 585 3622 penus
600 3540 702 3622 populi
717 3542 839 3606 nomine
854 3543 1085 3626 designaverint:
1101 3562 1169 3607 nam
1187 3563 1246 3608 non
1262 3565 1351 3609 unam

179 3641 269 3705 buius
284 3643 431 3716 vocabuli,
451 3643 553 3706 itidem
569 3655 602 3710 ut
617 3645 712 3728 graeci
728 3641 848 3728 δῆμος,
871 3647 967 3710 nostri
981 3647 1086 3725 l'ollt,
1108 3647 1350 3731 significationem

180 3764 246 3810 esse
262 3751 387 3820 mustat,
403 3765 556 3830 quumque
570 3747 708 3812 bomines
723 3747 755 3810 in
770 3749 873 3830 quaeis
888 3749 1004 3812 ciuitate
1019 3749 1209 3814 multifariam
1225 3752 1350 3816 interes
1377 3736 1382 3746 ’

179 3865 302 3932 genere,
321 3857 418 3924 statu,
444 3849 634 3914 facultatibus
655 3851 762 3916 diversi
782 3851 859 3926 sint,
885 3852 975 3916 modo
990 3852 1064 3918 baee
1078 3855 1176 3918 omnis
1191 3855 1350 3920 multitudo

180 3952 435 4018 indiscriminatim
457 3953 558 4038 populi
578 3955 700 4019 numine
720 3955 993 4039 eorrrprelreuditur,
1020 3957 1111 4022 modu
1132 3969 1234 4023 autem
1249 3959 1349 4025 bumi-

178 4055 266 4122 liures
282 4066 397 4122 tantum
413 4077 449 4122 ae
464 4057 613 4124 tenuiores
627 4059 838 4142 signilloautur,
860 4071 1111 4144 opponunturque
1125 4063 1169 4128 sie
1182 4065 1351 4148 opulentio-

178 4159 259 4225 ribus
279 4179 314 4226 νο
334 4162 495 4244 generosis.
525 4161 628 4246 Neque
648 4182 718 4230 vera
740 4165 813 4229 baec
832 4173 950 4230 tantum
972 4168 1120 4252 oppositio
1142 4169 1220 4253 apud
1235 4179 1350 4236 veteres
1405 4171 1410 4184 '

179 4265 320 4348 frequens
334 4275 394 4342 est,
419 4267 470 4331 sed
486 4266 542 4332 alia
556 4285 693 4352 quoque,
708 4277 742 4333 ut
758 4270 900 4354 populum
915 4270 1014 4336 dicant
1028 4291 1081 4336 eoa
1095 4273 1192 4350 solos,
1212 4273 1264 4359 qui
1278 4273 1350 4340 citi·

181 4367 250 4434 tatis
259 4387 327 4434 uere
341 4369 499 4454 participes
513 4381 592 4448 sunt,
607 4372 735 4438 exclusis
749 4373 864 4452 ueteris,
879 4375 930 4460 qui
939 4375 1041 4442 vivunt
1055 4377 1176 4462 quidem
1192 4379 1224 4444 in
1235 4379 1350 4446 eivitals

179 4473 303 4555 eiusque
316 4472 430 4555 legibm
443 4493 479 4539 aa
493 4474 714 4557 magistratibus
727 4478 861 4557 subiecti,
871 4497 933 4544 non
947 4489 1048 4547 umen
1063 4483 1142 4550 eires
1155 4494 1238 4565 sunt,
1247 4485 1350 4552 multi·
