<?xml version="1.0" encoding="UTF-8"?>
<!DOCTYPE html PUBLIC "-//W3C//DTD XHTML 1.0 Transitional//EN"
    "http://www.w3.org/TR/xhtml1/DTD/xhtml1-transitional.dtd">
<html xmlns="http://www.w3.org/1999/xhtml" xml:lang="en" lang="en">
 <head>
  <title>
</title>
<meta http-equiv="Content-Type" content="text/html;charset=utf-8" />
  <meta name='ocr-system' content='tesseract 3.04.00' />
  <meta name='ocr-capabilities' content='ocr_page ocr_carea ocr_par ocr_line ocrx_word'/>
</head>
<body>
  <div class='ocr_page' id='page_1' title='image "./opusculaacademi00schgoog_0042.png"; bbox 0 0 3266 4958; ppageno 0'>
   <div class='ocr_carea' id='block_1_1' title="bbox 257 620 1425 1116">
    <p class='ocr_par' dir='ltr' id='par_1_1' title="bbox 257 620 1420 807">
     <span class='ocr_line' id='line_1_1' title="bbox 257 620 1420 706; baseline -0.001 -19"><span class='ocrx_word' id='word_1_1' title='bbox 257 623 436 706; x_wconf 71' lang='lat' dir='ltr'>Theognidis</span> <span class='ocrx_word' id='word_1_2' title='bbox 455 621 616 687; x_wconf 83' lang='lat' dir='ltr'>versiculos</span> <span class='ocrx_word' id='word_1_3' title='bbox 631 620 799 686; x_wconf 88' lang='lat' dir='ltr'>Salomonis</span> <span class='ocrx_word' id='word_1_4' title='bbox 813 622 973 706; x_wconf 82' lang='lat' dir='ltr'>proverbiis</span> <span class='ocrx_word' id='word_1_5' title='bbox 988 621 1197 705; x_wconf 79' lang='lat' dir='ltr'>praeterendos</span> <span class='ocrx_word' id='word_1_6' title='bbox 1211 621 1420 705; x_wconf 85' lang='lat' dir='ltr'>pronuntiatae</span> 
     </span>
     <span class='ocr_line' id='line_1_2' title="bbox 257 723 1029 807; baseline 0 -19"><span class='ocrx_word' id='word_1_7' title='bbox 257 725 365 788; x_wconf 85' lang='lat' dir='ltr'>dieitur</span> <span class='ocrx_word' id='word_1_8' title='bbox 378 743 394 788; x_wconf 93' lang='lat' dir='ltr'>a</span> <span class='ocrx_word' id='word_1_9' title='bbox 408 725 527 806; x_wconf 76' lang='lat' dir='ltr'>cyrillo,</span> <span class='ocrx_word' id='word_1_10' title='bbox 541 733 596 788; x_wconf 85' lang='lat' dir='ltr'>etr.</span> <span class='ocrx_word' id='word_1_11' title='bbox 611 723 714 787; x_wconf 90' lang='lat' dir='ltr'>lttlian.</span> <span class='ocrx_word' id='word_1_12' title='bbox 728 724 779 787; x_wconf 87' lang='lat' dir='ltr'>vlt</span> <span class='ocrx_word' id='word_1_13' title='bbox 795 743 823 807; x_wconf 92' lang='lat' dir='ltr'>p.</span> <span class='ocrx_word' id='word_1_14' title='bbox 839 723 903 786; x_wconf 78' lang='lat' dir='ltr'>att</span> <span class='ocrx_word' id='word_1_15' title='bbox 918 724 1029 807; x_wconf 90' lang='lat' dir='ltr'>Spauh.</span> 
     </span>
    </p>

    <p class='ocr_par' dir='ltr' id='par_1_2' title="bbox 257 823 1425 1116">
     <span class='ocr_line' id='line_1_3' title="bbox 345 823 1424 908; baseline 0.001 -18"><span class='ocrx_word' id='word_1_16' title='bbox 345 827 403 890; x_wconf 84' lang='lat' dir='ltr'>Sed</span> <span class='ocrx_word' id='word_1_17' title='bbox 429 828 466 890; x_wconf 90' lang='lat' dir='ltr'>de</span> <span class='ocrx_word' id='word_1_18' title='bbox 485 826 655 890; x_wconf 90' lang='lat' dir='ltr'>huiusmodi</span> <span class='ocrx_word' id='word_1_19' title='bbox 674 826 852 890; x_wconf 82' lang='lat' dir='ltr'>testimoniis</span> <span class='ocrx_word' id='word_1_20' title='bbox 871 835 940 891; x_wconf 87' lang='lat' dir='ltr'>utut</span> <span class='ocrx_word' id='word_1_21' title='bbox 958 825 1150 900; x_wconf 83' lang='lat' dir='ltr'>iudicabitur,</span> <span class='ocrx_word' id='word_1_22' title='bbox 1176 823 1272 908; x_wconf 82' lang='lat' dir='ltr'>prisca</span> <span class='ocrx_word' id='word_1_23' title='bbox 1292 834 1374 890; x_wconf 90' lang='lat' dir='ltr'>certe</span> <span class='ocrx_word' id='word_1_24' title='bbox 1392 835 1424 892; x_wconf 90' lang='lat' dir='ltr'>et</span> 
     </span>
     <span class='ocr_line' id='line_1_4' title="bbox 257 927 1423 1012; baseline 0.001 -20"><span class='ocrx_word' id='word_1_25' title='bbox 257 929 384 1012; x_wconf 88' lang='lat' dir='ltr'>genuina</span> <span class='ocrx_word' id='word_1_26' title='bbox 397 929 656 1012; x_wconf 84' lang='lat' dir='ltr'>Theognideorum</span> <span class='ocrx_word' id='word_1_27' title='bbox 672 930 838 994; x_wconf 86' lang='lat' dir='ltr'>carminum</span> <span class='ocrx_word' id='word_1_28' title='bbox 853 929 949 994; x_wconf 76' lang='lat' dir='ltr'>torma</span> <span class='ocrx_word' id='word_1_29' title='bbox 964 929 1058 1012; x_wconf 88' lang='lat' dir='ltr'>qualis</span> <span class='ocrx_word' id='word_1_30' title='bbox 1072 927 1162 993; x_wconf 89' lang='lat' dir='ltr'>luerit</span> <span class='ocrx_word' id='word_1_31' title='bbox 1175 947 1212 992; x_wconf 86' lang='lat' dir='ltr'>er</span> <span class='ocrx_word' id='word_1_32' title='bbox 1223 929 1306 992; x_wconf 91' lang='lat' dir='ltr'>nullo</span> <span class='ocrx_word' id='word_1_33' title='bbox 1317 947 1423 993; x_wconf 89' lang='lat' dir='ltr'>eorum</span> 
     </span>
     <span class='ocr_line' id='line_1_5' title="bbox 258 1031 1425 1116; baseline 0 -20"><span class='ocrx_word' id='word_1_34' title='bbox 258 1032 397 1114; x_wconf 75' lang='lat' dir='ltr'><strong>cognosci</strong></span> <span class='ocrx_word' id='word_1_35' title='bbox 417 1041 530 1116; x_wconf 84' lang='lat' dir='ltr'>potest,</span> <span class='ocrx_word' id='word_1_36' title='bbox 550 1051 607 1096; x_wconf 87' lang='lat' dir='ltr'>nee</span> <span class='ocrx_word' id='word_1_37' title='bbox 627 1033 803 1096; x_wconf 79' lang='lat' dir='ltr'>mirabimur</span> <span class='ocrx_word' id='word_1_38' title='bbox 822 1041 977 1115; x_wconf 87' lang='lat' dir='ltr'>propterea</span> <span class='ocrx_word' id='word_1_39' title='bbox 996 1032 1158 1096; x_wconf 78' lang='lat' dir='ltr'><strong>admodum</strong></span> <span class='ocrx_word' id='word_1_40' title='bbox 1178 1031 1272 1096; x_wconf 77' lang='lat' dir='ltr'>variae</span> <span class='ocrx_word' id='word_1_41' title='bbox 1293 1032 1425 1096; x_wconf 84' lang='lat' dir='ltr'>virorum</span> 
     </span>
    </p>
   </div>
   <div class='ocr_carea' id='block_1_2' title="bbox 145 1135 1426 1220">
    <p class='ocr_par' dir='ltr' id='par_1_3' title="bbox 145 1135 1426 1220">
     <span class='ocr_line' id='line_1_6' title="bbox 145 1135 1426 1220; baseline 0.001 -22"><span class='ocrx_word' id='word_1_42' title='bbox 145 1175 149 1182; x_wconf 90' lang='lat'><em>-</em></span> <span class='ocrx_word' id='word_1_43' title='bbox 258 1135 417 1200; x_wconf 83' lang='lat' dir='ltr'>doctorum</span> <span class='ocrx_word' id='word_1_44' title='bbox 441 1135 616 1200; x_wconf 87' lang='lat' dir='ltr'>haedere</span> <span class='ocrx_word' id='word_1_45' title='bbox 641 1137 827 1200; x_wconf 86' lang='lat' dir='ltr'>coniecturas</span> <span class='ocrx_word' id='word_1_46' title='bbox 846 1155 921 1200; x_wconf 87' lang='lat' dir='ltr'>esse.</span> <span class='ocrx_word' id='word_1_47' title='bbox 957 1135 1032 1198; x_wconf 87' lang='lat' dir='ltr'>Nam</span> <span class='ocrx_word' id='word_1_48' title='bbox 1053 1154 1146 1218; x_wconf 91' lang='lat' dir='ltr'>quum</span> <span class='ocrx_word' id='word_1_49' title='bbox 1168 1135 1300 1220; x_wconf 80' lang='lat' dir='ltr'>plerique</span> <span class='ocrx_word' id='word_1_50' title='bbox 1319 1135 1426 1218; x_wconf 86' lang='lat' dir='ltr'>elegias</span> 
     </span>
    </p>
   </div>
   <div class='ocr_carea' id='block_1_3' title="bbox 211 1238 1427 4220">
    <p class='ocr_par' dir='ltr' id='par_1_4' title="bbox 211 1238 1427 4220">
     <span class='ocr_line' id='line_1_7' title="bbox 259 1238 1425 1326; baseline 0 -22"><span class='ocrx_word' id='word_1_51' title='bbox 259 1240 351 1305; x_wconf 69' lang='lat' dir='ltr'>mmo</span> <span class='ocrx_word' id='word_1_52' title='bbox 372 1239 518 1322; x_wconf 83' lang='lat' dir='ltr'>longiores</span> <span class='ocrx_word' id='word_1_53' title='bbox 533 1239 623 1304; x_wconf 64' lang='lat' dir='ltr'>mmo</span> <span class='ocrx_word' id='word_1_54' title='bbox 637 1238 803 1319; x_wconf 75' lang='lat' dir='ltr'>breviores,</span> <span class='ocrx_word' id='word_1_55' title='bbox 824 1240 877 1304; x_wconf 88' lang='lat' dir='ltr'>sed</span> <span class='ocrx_word' id='word_1_56' title='bbox 892 1239 1015 1306; x_wconf 77' lang='lat' dir='ltr'>retortas</span> <span class='ocrx_word' id='word_1_57' title='bbox 1030 1257 1135 1304; x_wconf 89' lang='lat' dir='ltr'>omnes</span> <span class='ocrx_word' id='word_1_58' title='bbox 1150 1239 1314 1326; x_wconf 90' lang='lat' dir='ltr'>praeceptis</span> <span class='ocrx_word' id='word_1_59' title='bbox 1328 1249 1358 1304; x_wconf 93' lang='lat' dir='ltr'>et</span> <span class='ocrx_word' id='word_1_60' title='bbox 1371 1239 1425 1304; x_wconf 93' lang='lat' dir='ltr'>ad·</span> 
     </span>
     <span class='ocr_line' id='line_1_8' title="bbox 259 1341 1425 1428; baseline 0.002 -20"><span class='ocrx_word' id='word_1_61' title='bbox 259 1343 473 1409; x_wconf 87' lang='lat' dir='ltr'>monitionibus</span> <span class='ocrx_word' id='word_1_62' title='bbox 488 1343 563 1408; x_wconf 82' lang='lat' dir='ltr'>ritae</span> <span class='ocrx_word' id='word_1_63' title='bbox 577 1343 622 1408; x_wconf 78' lang='lat' dir='ltr'>vel</span> <span class='ocrx_word' id='word_1_64' title='bbox 636 1343 772 1426; x_wconf 76' lang='lat' dir='ltr'>privatim</span> <span class='ocrx_word' id='word_1_65' title='bbox 787 1342 962 1427; x_wconf 81' lang='lat' dir='ltr'>reipublice</span> <span class='ocrx_word' id='word_1_66' title='bbox 977 1353 1057 1410; x_wconf 88' lang='lat' dir='ltr'>reete</span> <span class='ocrx_word' id='word_1_67' title='bbox 1072 1345 1211 1428; x_wconf 76' lang='lat' dir='ltr'>agendae,</span> <span class='ocrx_word' id='word_1_68' title='bbox 1226 1346 1262 1410; x_wconf 93' lang='lat' dir='ltr'>ad</span> <span class='ocrx_word' id='word_1_69' title='bbox 1278 1341 1425 1410; x_wconf 89' lang='lat' dir='ltr'>iuniorem</span> 
     </span>
     <span class='ocr_line' id='line_1_9' title="bbox 259 1447 1426 1532; baseline 0.002 -20"><span class='ocrx_word' id='word_1_70' title='bbox 259 1449 387 1514; x_wconf 87' lang='lat' dir='ltr'>amicum</span> <span class='ocrx_word' id='word_1_71' title='bbox 408 1449 538 1531; x_wconf 76' lang='lat' dir='ltr'>Cyrnum</span> <span class='ocrx_word' id='word_1_72' title='bbox 556 1465 581 1510; x_wconf 93' lang='lat' dir='ltr'>s.</span> <span class='ocrx_word' id='word_1_73' title='bbox 598 1447 775 1529; x_wconf 77' lang='lat' dir='ltr'>l‘nlppatden</span> <span class='ocrx_word' id='word_1_74' title='bbox 790 1447 876 1511; x_wconf 82' lang='lat' dir='ltr'>uariis</span> <span class='ocrx_word' id='word_1_75' title='bbox 896 1449 1080 1530; x_wconf 86' lang='lat' dir='ltr'>temporibus</span> <span class='ocrx_word' id='word_1_76' title='bbox 1091 1467 1108 1512; x_wconf 90' lang='lat' dir='ltr'>a</span> <span class='ocrx_word' id='word_1_77' title='bbox 1119 1449 1289 1532; x_wconf 80' lang='lat' dir='ltr'>Theognide</span> <span class='ocrx_word' id='word_1_78' title='bbox 1301 1449 1426 1531; x_wconf 84' lang='lat' dir='ltr'>scriptas</span> 
     </span>
     <span class='ocr_line' id='line_1_10' title="bbox 257 1549 1426 1635; baseline 0.001 -20"><span class='ocrx_word' id='word_1_79' title='bbox 257 1571 326 1615; x_wconf 81' lang='lat' dir='ltr'>esse</span> <span class='ocrx_word' id='word_1_80' title='bbox 339 1559 488 1624; x_wconf 76' lang='lat' dir='ltr'>oenamnt,</span> <span class='ocrx_word' id='word_1_81' title='bbox 502 1549 566 1613; x_wconf 89' lang='lat' dir='ltr'>aliis</span> <span class='ocrx_word' id='word_1_82' title='bbox 581 1559 684 1612; x_wconf 90' lang='lat' dir='ltr'>contra</span> <span class='ocrx_word' id='word_1_83' title='bbox 699 1549 879 1632; x_wconf 78' lang='lat' dir='ltr'>probabilius</span> <span class='ocrx_word' id='word_1_84' title='bbox 895 1550 990 1614; x_wconf 84' lang='lat' dir='ltr'>uisum</span> <span class='ocrx_word' id='word_1_85' title='bbox 1001 1561 1057 1628; x_wconf 86' lang='lat' dir='ltr'>est,</span> <span class='ocrx_word' id='word_1_86' title='bbox 1073 1552 1170 1616; x_wconf 89' lang='lat' dir='ltr'>maius</span> <span class='ocrx_word' id='word_1_87' title='bbox 1181 1553 1329 1634; x_wconf 85' lang='lat' dir='ltr'><strong>quoddam</strong></span> <span class='ocrx_word' id='word_1_88' title='bbox 1341 1553 1426 1635; x_wconf 83' lang='lat' dir='ltr'>quasi</span> 
     </span>
     <span class='ocr_line' id='line_1_11' title="bbox 258 1653 1426 1738; baseline 0.002 -21"><span class='ocrx_word' id='word_1_89' title='bbox 258 1673 367 1736; x_wconf 88' lang='lat' dir='ltr'>corpus</span> <span class='ocrx_word' id='word_1_90' title='bbox 391 1653 545 1735; x_wconf 89' lang='lat' dir='ltr'>gnomicae</span> <span class='ocrx_word' id='word_1_91' title='bbox 571 1653 748 1736; x_wconf 71' lang='lat' dir='ltr'>sapientiae,</span> <span class='ocrx_word' id='word_1_92' title='bbox 778 1653 839 1716; x_wconf 82' lang='lat' dir='ltr'>sire</span> <span class='ocrx_word' id='word_1_93' title='bbox 865 1655 1038 1719; x_wconf 88' lang='lat' dir='ltr'>continuam</span> <span class='ocrx_word' id='word_1_94' title='bbox 1064 1665 1292 1738; x_wconf 88' lang='lat' dir='ltr'>praeceptorum</span> <span class='ocrx_word' id='word_1_95' title='bbox 1318 1657 1426 1719; x_wconf 89' lang='lat' dir='ltr'>seriem</span> 
     </span>
     <span class='ocr_line' id='line_1_12' title="bbox 259 1755 1426 1840; baseline 0.001 -20"><span class='ocrx_word' id='word_1_96' title='bbox 259 1763 341 1820; x_wconf 72' lang='lat' dir='ltr'>mtto</span> <span class='ocrx_word' id='word_1_97' title='bbox 355 1756 495 1839; x_wconf 67' lang='lat' dir='ltr'>quolam,</span> <span class='ocrx_word' id='word_1_98' title='bbox 512 1773 692 1838; x_wconf 82' lang='lat' dir='ltr'>quamquam</span> <span class='ocrx_word' id='word_1_99' title='bbox 708 1755 845 1820; x_wconf 87' lang='lat' dir='ltr'>liberiore</span> <span class='ocrx_word' id='word_1_100' title='bbox 861 1757 964 1820; x_wconf 91' lang='lat' dir='ltr'>ordino</span> <span class='ocrx_word' id='word_1_101' title='bbox 975 1757 1170 1840; x_wconf 86' lang='lat' dir='ltr'>compositam</span> <span class='ocrx_word' id='word_1_102' title='bbox 1183 1757 1290 1820; x_wconf 79' lang='lat' dir='ltr'>fuisse:</span> <span class='ocrx_word' id='word_1_103' title='bbox 1306 1775 1362 1821; x_wconf 87' lang='lat' dir='ltr'>nec</span> <span class='ocrx_word' id='word_1_104' title='bbox 1373 1759 1426 1821; x_wconf 89' lang='lat' dir='ltr'>de-</span> 
     </span>
     <span class='ocr_line' id='line_1_13' title="bbox 257 1857 1427 1943; baseline 0.001 -19"><span class='ocrx_word' id='word_1_105' title='bbox 257 1859 393 1934; x_wconf 71' lang='lat' dir='ltr'>fuerunt,</span> <span class='ocrx_word' id='word_1_106' title='bbox 410 1859 462 1942; x_wconf 84' lang='lat' dir='ltr'>qui</span> <span class='ocrx_word' id='word_1_107' title='bbox 477 1859 604 1922; x_wconf 83' lang='lat' dir='ltr'>mediana</span> <span class='ocrx_word' id='word_1_108' title='bbox 620 1859 767 1940; x_wconf 87' lang='lat' dir='ltr'>quandam</span> <span class='ocrx_word' id='word_1_109' title='bbox 784 1857 860 1922; x_wconf 80' lang='lat' dir='ltr'>tiam</span> <span class='ocrx_word' id='word_1_110' title='bbox 876 1859 994 1934; x_wconf 84' lang='lat' dir='ltr'>inirent,</span> <span class='ocrx_word' id='word_1_111' title='bbox 1010 1879 1103 1942; x_wconf 87' lang='lat' dir='ltr'>quum</span> <span class='ocrx_word' id='word_1_112' title='bbox 1120 1859 1290 1943; x_wconf 86' lang='lat' dir='ltr'>„principio</span> <span class='ocrx_word' id='word_1_113' title='bbox 1306 1861 1427 1943; x_wconf 86' lang='lat' dir='ltr'>quidem</span> 
     </span>
     <span class='ocr_line' id='line_1_14' title="bbox 259 1961 1427 2047; baseline 0.002 -21"><span class='ocrx_word' id='word_1_114' title='bbox 259 1973 379 2047; x_wconf 87' lang='lat' dir='ltr'>poetam</span> <span class='ocrx_word' id='word_1_115' title='bbox 404 1962 533 2026; x_wconf 84' lang='lat' dir='ltr'>earmina</span> <span class='ocrx_word' id='word_1_116' title='bbox 559 1961 681 2043; x_wconf 86' lang='lat' dir='ltr'>elegiaca</span> <span class='ocrx_word' id='word_1_117' title='bbox 707 1961 820 2042; x_wconf 82' lang='lat' dir='ltr'>singula</span> <span class='ocrx_word' id='word_1_118' title='bbox 846 1971 876 2024; x_wconf 90' lang='lat' dir='ltr'>et</span> <span class='ocrx_word' id='word_1_119' title='bbox 899 1981 974 2046; x_wconf 85' lang='lat' dir='ltr'>guae</span> <span class='ocrx_word' id='word_1_120' title='bbox 997 1963 1112 2026; x_wconf 84' lang='lat' dir='ltr'>diuersa</span> <span class='ocrx_word' id='word_1_121' title='bbox 1132 1981 1233 2026; x_wconf 85' lang='lat' dir='ltr'>torum</span> <span class='ocrx_word' id='word_1_122' title='bbox 1258 1963 1427 2028; x_wconf 88' lang='lat' dir='ltr'>conditione</span> 
     </span>
     <span class='ocr_line' id='line_1_15' title="bbox 260 2063 1425 2148; baseline -0.001 -18"><span class='ocrx_word' id='word_1_123' title='bbox 260 2078 328 2130; x_wconf 86' lang='lat' dir='ltr'>nata</span> <span class='ocrx_word' id='word_1_124' title='bbox 347 2066 465 2129; x_wconf 89' lang='lat' dir='ltr'>modico</span> <span class='ocrx_word' id='word_1_125' title='bbox 485 2063 599 2126; x_wconf 86' lang='lat' dir='ltr'>ambitu</span> <span class='ocrx_word' id='word_1_126' title='bbox 617 2063 864 2126; x_wconf 80' lang='lat' dir='ltr'>absolverentur“</span> <span class='ocrx_word' id='word_1_127' title='bbox 885 2065 1038 2146; x_wconf 84' lang='lat' dir='ltr'>scripsisse</span> <span class='ocrx_word' id='word_1_128' title='bbox 1057 2072 1223 2128; x_wconf 88' lang='lat' dir='ltr'>statuerent</span> <span class='ocrx_word' id='word_1_129' title='bbox 1238 2067 1316 2140; x_wconf 86' lang='lat' dir='ltr'>„sed</span> <span class='ocrx_word' id='word_1_130' title='bbox 1333 2084 1425 2148; x_wconf 86' lang='lat' dir='ltr'>quum</span> 
     </span>
     <span class='ocr_line' id='line_1_16' title="bbox 211 2165 1426 2253; baseline 0.002 -21"><span class='ocrx_word' id='word_1_131' title='bbox 211 2169 214 2174; x_wconf 87' lang='grc'><strong>’</strong></span> <span class='ocrx_word' id='word_1_132' title='bbox 260 2169 411 2253; x_wconf 70' lang='lat' dir='ltr'>paullatim</span> <span class='ocrx_word' id='word_1_133' title='bbox 432 2185 486 2251; x_wconf 89' lang='lat' dir='ltr'>per</span> <span class='ocrx_word' id='word_1_134' title='bbox 505 2185 626 2230; x_wconf 87' lang='lat' dir='ltr'>omnem</span> <span class='ocrx_word' id='word_1_135' title='bbox 642 2165 804 2230; x_wconf 87' lang='lat' dir='ltr'>honestatis</span> <span class='ocrx_word' id='word_1_136' title='bbox 819 2186 957 2250; x_wconf 86' lang='lat' dir='ltr'>eampum</span> <span class='ocrx_word' id='word_1_137' title='bbox 973 2167 1031 2230; x_wconf 90' lang='lat' dir='ltr'>late</span> <span class='ocrx_word' id='word_1_138' title='bbox 1045 2176 1166 2250; x_wconf 83' lang='lat' dir='ltr'>vagatus</span> <span class='ocrx_word' id='word_1_139' title='bbox 1181 2177 1274 2244; x_wconf 84' lang='lat' dir='ltr'>esset,</span> <span class='ocrx_word' id='word_1_140' title='bbox 1296 2169 1426 2234; x_wconf 86' lang='lat' dir='ltr'>carmina</span> 
     </span>
     <span class='ocr_line' id='line_1_17' title="bbox 259 2269 1426 2354; baseline -0.002 -17"><span class='ocrx_word' id='word_1_141' title='bbox 259 2273 316 2337; x_wconf 82' lang='lat' dir='ltr'>ista</span> <span class='ocrx_word' id='word_1_142' title='bbox 327 2273 362 2336; x_wconf 94' lang='lat' dir='ltr'>ad</span> <span class='ocrx_word' id='word_1_143' title='bbox 370 2274 500 2354; x_wconf 80' lang='lat' dir='ltr'>Cpmum</span> <span class='ocrx_word' id='word_1_144' title='bbox 512 2269 601 2333; x_wconf 76' lang='lat' dir='ltr'>mima</span> <span class='ocrx_word' id='word_1_145' title='bbox 612 2269 643 2332; x_wconf 96' lang='lat' dir='ltr'>in</span> <span class='ocrx_word' id='word_1_146' title='bbox 655 2269 788 2332; x_wconf 84' lang='lat' dir='ltr'>ordinent</span> <span class='ocrx_word' id='word_1_147' title='bbox 801 2269 948 2352; x_wconf 87' lang='lat' dir='ltr'>quendam</span> <span class='ocrx_word' id='word_1_148' title='bbox 957 2279 1177 2350; x_wconf 76' lang='lat' dir='ltr'>coagmentum</span> <span class='ocrx_word' id='word_1_149' title='bbox 1186 2271 1426 2352; x_wconf 68' lang='lat' dir='ltr'>motionumtpe·</span> 
     </span>
     <span class='ocr_line' id='line_1_18' title="bbox 261 2373 1427 2458; baseline -0.002 -18"><span class='ocrx_word' id='word_1_150' title='bbox 261 2375 351 2440; x_wconf 81' lang='lat' dir='ltr'>Nobis</span> <span class='ocrx_word' id='word_1_151' title='bbox 371 2375 491 2458; x_wconf 88' lang='lat' dir='ltr'>quidem</span> <span class='ocrx_word' id='word_1_152' title='bbox 511 2373 655 2438; x_wconf 88' lang='lat' dir='ltr'>eiusmodi</span> <span class='ocrx_word' id='word_1_153' title='bbox 676 2391 796 2436; x_wconf 88' lang='lat' dir='ltr'>carmen</span> <span class='ocrx_word' id='word_1_154' title='bbox 810 2373 986 2437; x_wconf 83' lang='lat' dir='ltr'>didacticum</span> <span class='ocrx_word' id='word_1_155' title='bbox 1002 2373 1177 2438; x_wconf 88' lang='lat' dir='ltr'>continuum</span> <span class='ocrx_word' id='word_1_156' title='bbox 1192 2373 1229 2437; x_wconf 93' lang='lat' dir='ltr'>ab</span> <span class='ocrx_word' id='word_1_157' title='bbox 1244 2374 1309 2456; x_wconf 88' lang='lat' dir='ltr'>ipso</span> <span class='ocrx_word' id='word_1_158' title='bbox 1324 2375 1427 2438; x_wconf 86' lang='lat' dir='ltr'>&#39;ibeo-</span> 
     </span>
     <span class='ocr_line' id='line_1_19' title="bbox 261 2475 1426 2562; baseline 0 -20"><span class='ocrx_word' id='word_1_159' title='bbox 261 2479 348 2562; x_wconf 89' lang='lat' dir='ltr'>gnide</span> <span class='ocrx_word' id='word_1_160' title='bbox 367 2489 419 2542; x_wconf 91' lang='lat' dir='ltr'>aut</span> <span class='ocrx_word' id='word_1_161' title='bbox 433 2475 571 2560; x_wconf 83' lang='lat' dir='ltr'>primitus</span> <span class='ocrx_word' id='word_1_162' title='bbox 585 2475 784 2557; x_wconf 89' lang='lat' dir='ltr'>compositum</span> <span class='ocrx_word' id='word_1_163' title='bbox 800 2485 852 2539; x_wconf 91' lang='lat' dir='ltr'>aut</span> <span class='ocrx_word' id='word_1_164' title='bbox 866 2476 1026 2558; x_wconf 85' lang='lat' dir='ltr'>postmodo</span> <span class='ocrx_word' id='word_1_165' title='bbox 1040 2476 1249 2540; x_wconf 85' lang='lat' dir='ltr'>concinnatum</span> <span class='ocrx_word' id='word_1_166' title='bbox 1264 2495 1329 2540; x_wconf 85' lang='lat' dir='ltr'>ease</span> <span class='ocrx_word' id='word_1_167' title='bbox 1343 2477 1426 2542; x_wconf 91' lang='lat' dir='ltr'>nullo</span> 
     </span>
     <span class='ocr_line' id='line_1_20' title="bbox 259 2576 1426 2661; baseline -0.001 -16"><span class='ocrx_word' id='word_1_168' title='bbox 259 2581 331 2646; x_wconf 86' lang='lat' dir='ltr'>satis</span> <span class='ocrx_word' id='word_1_169' title='bbox 355 2589 437 2643; x_wconf 89' lang='lat' dir='ltr'>certo</span> <span class='ocrx_word' id='word_1_170' title='bbox 463 2585 639 2660; x_wconf 86' lang='lat' dir='ltr'>argumento</span> <span class='ocrx_word' id='word_1_171' title='bbox 664 2576 783 2660; x_wconf 87' lang='lat' dir='ltr'>probari</span> <span class='ocrx_word' id='word_1_172' title='bbox 810 2597 896 2661; x_wconf 88' lang='lat' dir='ltr'>posse</span> <span class='ocrx_word' id='word_1_173' title='bbox 918 2579 1049 2656; x_wconf 79' lang='lat' dir='ltr'>uidetur3</span> <span class='ocrx_word' id='word_1_174' title='bbox 1075 2589 1106 2642; x_wconf 89' lang='lat' dir='ltr'>et</span> <span class='ocrx_word' id='word_1_175' title='bbox 1127 2579 1152 2642; x_wconf 93' lang='lat' dir='ltr'>si</span> <span class='ocrx_word' id='word_1_176' title='bbox 1172 2579 1261 2642; x_wconf 86' lang='lat' dir='ltr'>luerit</span> <span class='ocrx_word' id='word_1_177' title='bbox 1281 2579 1426 2644; x_wconf 87' lang='lat' dir='ltr'>eiusmodi</span> 
     </span>
     <span class='ocr_line' id='line_1_21' title="bbox 260 2680 1426 2764; baseline -0.002 -16"><span class='ocrx_word' id='word_1_178' title='bbox 260 2701 380 2748; x_wconf 71' lang='lat' dir='ltr'>nuncu</span> <span class='ocrx_word' id='word_1_179' title='bbox 394 2680 599 2764; x_wconf 80' lang='lat' dir='ltr'>Xenophontis</span> <span class='ocrx_word' id='word_1_180' title='bbox 614 2689 726 2756; x_wconf 85' lang='lat' dir='ltr'>aetate,</span> <span class='ocrx_word' id='word_1_181' title='bbox 749 2681 778 2745; x_wconf 93' lang='lat' dir='ltr'>id</span> <span class='ocrx_word' id='word_1_182' title='bbox 793 2681 873 2764; x_wconf 90' lang='lat' dir='ltr'>quod</span> <span class='ocrx_word' id='word_1_183' title='bbox 888 2701 924 2746; x_wconf 87' lang='lat' dir='ltr'>ex</span> <span class='ocrx_word' id='word_1_184' title='bbox 939 2681 1027 2746; x_wconf 91' lang='lat' dir='ltr'>ltuius</span> <span class='ocrx_word' id='word_1_185' title='bbox 1043 2683 1138 2746; x_wconf 84' lang='lat' dir='ltr'>uerbis</span> <span class='ocrx_word' id='word_1_186' title='bbox 1153 2701 1169 2746; x_wconf 89' lang='lat' dir='ltr'>a</span> <span class='ocrx_word' id='word_1_187' title='bbox 1186 2682 1313 2746; x_wconf 89' lang='lat' dir='ltr'>Stobaeo</span> <span class='ocrx_word' id='word_1_188' title='bbox 1327 2683 1426 2747; x_wconf 86' lang='lat' dir='ltr'>relatis</span> 
     </span>
     <span class='ocr_line' id='line_1_22' title="bbox 260 2783 1425 2870; baseline -0.001 -19"><span class='ocrx_word' id='word_1_189' title='bbox 260 2787 356 2868; x_wconf 76' lang='lat' dir='ltr'>colligi</span> <span class='ocrx_word' id='word_1_190' title='bbox 380 2805 468 2869; x_wconf 86' lang='lat' dir='ltr'>posse</span> <span class='ocrx_word' id='word_1_191' title='bbox 493 2784 700 2858; x_wconf 71' lang='lat' dir='ltr'>concedimus,</span> <span class='ocrx_word' id='word_1_192' title='bbox 726 2783 799 2846; x_wconf 92' lang='lat' dir='ltr'>nihil</span> <span class='ocrx_word' id='word_1_193' title='bbox 825 2789 925 2846; x_wconf 85' lang='lat' dir='ltr'>tamen</span> <span class='ocrx_word' id='word_1_194' title='bbox 946 2784 1063 2850; x_wconf 92' lang='lat' dir='ltr'>obstare</span> <span class='ocrx_word' id='word_1_195' title='bbox 1082 2795 1237 2870; x_wconf 82' lang='lat' dir='ltr'>putamus,</span> <span class='ocrx_word' id='word_1_196' title='bbox 1265 2785 1425 2870; x_wconf 85' lang='lat' dir='ltr'>quominus</span> 
     </span>
     <span class='ocr_line' id='line_1_23' title="bbox 260 2887 1425 2974; baseline 0.001 -19"><span class='ocrx_word' id='word_1_197' title='bbox 260 2889 478 2974; x_wconf 85' lang='lat' dir='ltr'>gnomologiarn</span> <span class='ocrx_word' id='word_1_198' title='bbox 493 2887 642 2972; x_wconf 84' lang='lat' dir='ltr'>quandam</span> <span class='ocrx_word' id='word_1_199' title='bbox 657 2905 692 2950; x_wconf 85' lang='lat' dir='ltr'>ex</span> <span class='ocrx_word' id='word_1_200' title='bbox 707 2887 794 2952; x_wconf 81' lang='lat' dir='ltr'>uariis</span> <span class='ocrx_word' id='word_1_201' title='bbox 809 2887 987 2972; x_wconf 80' lang='lat' dir='ltr'>Theognidis</span> <span class='ocrx_word' id='word_1_202' title='bbox 998 2889 1097 2972; x_wconf 81' lang='lat' dir='ltr'>elegiis</span> <span class='ocrx_word' id='word_1_203' title='bbox 1108 2899 1277 2974; x_wconf 77' lang='lat' dir='ltr'>excerptam</span> <span class='ocrx_word' id='word_1_204' title='bbox 1290 2891 1347 2955; x_wconf 89' lang='lat' dir='ltr'>iam</span> <span class='ocrx_word' id='word_1_205' title='bbox 1359 2899 1425 2956; x_wconf 89' lang='lat' dir='ltr'>turn</span> 
     </span>
     <span class='ocr_line' id='line_1_24' title="bbox 259 2989 1424 3077; baseline -0.001 -17"><span class='ocrx_word' id='word_1_206' title='bbox 259 3011 290 3076; x_wconf 74' lang='lat' dir='ltr'>pn</span> <span class='ocrx_word' id='word_1_207' title='bbox 310 2993 446 3058; x_wconf 85' lang='lat' dir='ltr'>manibus</span> <span class='ocrx_word' id='word_1_208' title='bbox 467 2991 623 3056; x_wconf 87' lang='lat' dir='ltr'>hominurn</span> <span class='ocrx_word' id='word_1_209' title='bbox 640 2989 747 3066; x_wconf 81' lang='lat' dir='ltr'>luisse,</span> <span class='ocrx_word' id='word_1_210' title='bbox 767 3009 893 3076; x_wconf 85' lang='lat' dir='ltr'>eamque</span> <span class='ocrx_word' id='word_1_211' title='bbox 907 3010 925 3055; x_wconf 90' lang='lat' dir='ltr'>a</span> <span class='ocrx_word' id='word_1_212' title='bbox 940 2991 1136 3076; x_wconf 81' lang='lat' dir='ltr'>Xenophonte</span> <span class='ocrx_word' id='word_1_213' title='bbox 1151 2994 1306 3077; x_wconf 77' lang='lat' dir='ltr'>significari</span> <span class='ocrx_word' id='word_1_214' title='bbox 1321 2995 1424 3060; x_wconf 87' lang='lat' dir='ltr'>eroda-</span> 
     </span>
     <span class='ocr_line' id='line_1_25' title="bbox 260 3094 1425 3180; baseline -0.004 -16"><span class='ocrx_word' id='word_1_215' title='bbox 260 3117 338 3164; x_wconf 84' lang='lat' dir='ltr'>tnus.</span> <span class='ocrx_word' id='word_1_216' title='bbox 372 3099 495 3162; x_wconf 73' lang='lat' dir='ltr'>Constu</span> <span class='ocrx_word' id='word_1_217' title='bbox 519 3095 600 3160; x_wconf 89' lang='lat' dir='ltr'>enim</span> <span class='ocrx_word' id='word_1_218' title='bbox 626 3094 683 3158; x_wconf 85' lang='lat' dir='ltr'>iam</span> <span class='ocrx_word' id='word_1_219' title='bbox 704 3095 754 3158; x_wconf 92' lang='lat' dir='ltr'>illo</span> <span class='ocrx_word' id='word_1_220' title='bbox 776 3104 910 3180; x_wconf 82' lang='lat' dir='ltr'>tompore</span> <span class='ocrx_word' id='word_1_221' title='bbox 931 3098 1023 3162; x_wconf 86' lang='lat' dir='ltr'>moris</span> <span class='ocrx_word' id='word_1_222' title='bbox 1042 3097 1149 3175; x_wconf 86' lang='lat' dir='ltr'>luisse,</span> <span class='ocrx_word' id='word_1_223' title='bbox 1175 3107 1290 3162; x_wconf 90' lang='lat' dir='ltr'>utnon</span> <span class='ocrx_word' id='word_1_224' title='bbox 1310 3097 1425 3178; x_wconf 84' lang='lat' dir='ltr'>integra</span> 
     </span>
     <span class='ocr_line' id='line_1_26' title="bbox 259 3197 1425 3286; baseline -0.003 -19"><span class='ocrx_word' id='word_1_225' title='bbox 259 3219 378 3286; x_wconf 84' lang='lat' dir='ltr'>sempor</span> <span class='ocrx_word' id='word_1_226' title='bbox 388 3209 543 3285; x_wconf 88' lang='lat' dir='ltr'>poetarum</span> <span class='ocrx_word' id='word_1_227' title='bbox 559 3215 658 3282; x_wconf 86' lang='lat' dir='ltr'>opera,</span> <span class='ocrx_word' id='word_1_228' title='bbox 673 3198 726 3262; x_wconf 86' lang='lat' dir='ltr'>sed</span> <span class='ocrx_word' id='word_1_229' title='bbox 741 3197 829 3264; x_wconf 89' lang='lat' dir='ltr'>etiam</span> <span class='ocrx_word' id='word_1_230' title='bbox 845 3201 974 3285; x_wconf 80' lang='lat' dir='ltr'>excerpti</span> <span class='ocrx_word' id='word_1_231' title='bbox 987 3221 1025 3266; x_wconf 83' lang='lat' dir='ltr'>er</span> <span class='ocrx_word' id='word_1_232' title='bbox 1039 3201 1160 3284; x_wconf 79' lang='lat' dir='ltr'>integris</span> <span class='ocrx_word' id='word_1_233' title='bbox 1174 3199 1354 3265; x_wconf 87' lang='lat' dir='ltr'>carminibus</span> <span class='ocrx_word' id='word_1_234' title='bbox 1368 3199 1425 3265; x_wconf 91' lang='lat' dir='ltr'>loci</span> 
     </span>
     <span class='ocr_line' id='line_1_27' title="bbox 260 3301 1424 3387; baseline 0.001 -18"><span class='ocrx_word' id='word_1_235' title='bbox 260 3305 436 3385; x_wconf 83' lang='lat' dir='ltr'>insigniores</span> <span class='ocrx_word' id='word_1_236' title='bbox 461 3311 492 3366; x_wconf 88' lang='lat' dir='ltr'>et</span> <span class='ocrx_word' id='word_1_237' title='bbox 517 3301 568 3386; x_wconf 82' lang='lat' dir='ltr'>qui</span> <span class='ocrx_word' id='word_1_238' title='bbox 589 3301 717 3366; x_wconf 82' lang='lat' dir='ltr'>masinae</span> <span class='ocrx_word' id='word_1_239' title='bbox 736 3303 772 3366; x_wconf 88' lang='lat' dir='ltr'>ud</span> <span class='ocrx_word' id='word_1_240' title='bbox 792 3303 908 3368; x_wconf 88' lang='lat' dir='ltr'>animos</span> <span class='ocrx_word' id='word_1_241' title='bbox 923 3303 1063 3368; x_wconf 82' lang='lat' dir='ltr'>iuvenum</span> <span class='ocrx_word' id='word_1_242' title='bbox 1078 3321 1237 3387; x_wconf 87' lang='lat' dir='ltr'>moresque</span> <span class='ocrx_word' id='word_1_243' title='bbox 1250 3303 1424 3370; x_wconf 77' lang='lat' dir='ltr'>formandos</span> 
     </span>
     <span class='ocr_line' id='line_1_28' title="bbox 260 3405 1424 3492; baseline -0.003 -18"><span class='ocrx_word' id='word_1_244' title='bbox 260 3405 476 3474; x_wconf 85' lang='lat' dir='ltr'>accommodati</span> <span class='ocrx_word' id='word_1_245' title='bbox 491 3415 599 3482; x_wconf 70' lang='lat' dir='ltr'>essent,</span> <span class='ocrx_word' id='word_1_246' title='bbox 615 3427 632 3471; x_wconf 93' lang='lat' dir='ltr'>a</span> <span class='ocrx_word' id='word_1_247' title='bbox 647 3405 886 3492; x_wconf 86' lang='lat' dir='ltr'>praeceptoribus</span> <span class='ocrx_word' id='word_1_248' title='bbox 900 3406 1107 3490; x_wconf 83' lang='lat' dir='ltr'>colligerentur</span> <span class='ocrx_word' id='word_1_249' title='bbox 1121 3415 1151 3469; x_wconf 90' lang='lat' dir='ltr'>ot</span> <span class='ocrx_word' id='word_1_250' title='bbox 1166 3406 1196 3469; x_wconf 92' lang='lat' dir='ltr'>in</span> <span class='ocrx_word' id='word_1_251' title='bbox 1210 3407 1320 3471; x_wconf 83' lang='lat' dir='ltr'>scholia</span> <span class='ocrx_word' id='word_1_252' title='bbox 1336 3424 1424 3470; x_wconf 83' lang='lat' dir='ltr'>usua-</span> 
     </span>
     <span class='ocr_line' id='line_1_29' title="bbox 259 3508 1424 3597; baseline -0.002 -21"><span class='ocrx_word' id='word_1_253' title='bbox 259 3519 410 3597; x_wconf 87' lang='lat' dir='ltr'>parentur,</span> <span class='ocrx_word' id='word_1_254' title='bbox 421 3509 506 3574; x_wconf 90' lang='lat' dir='ltr'>cuius</span> <span class='ocrx_word' id='word_1_255' title='bbox 517 3509 609 3574; x_wconf 85' lang='lat' dir='ltr'>moria</span> <span class='ocrx_word' id='word_1_256' title='bbox 620 3517 726 3573; x_wconf 65' lang='lat' dir='ltr'>mtom</span> <span class='ocrx_word' id='word_1_257' title='bbox 733 3509 888 3573; x_wconf 80' lang='lat' dir='ltr'>l‘latonem</span> <span class='ocrx_word' id='word_1_258' title='bbox 897 3509 1050 3586; x_wconf 79' lang='lat' dir='ltr'>habemus,</span> <span class='ocrx_word' id='word_1_259' title='bbox 1062 3509 1114 3594; x_wconf 85' lang='lat' dir='ltr'>qui</span> <span class='ocrx_word' id='word_1_260' title='bbox 1122 3509 1209 3591; x_wconf 72' lang='lat' dir='ltr'>legg.</span> <span class='ocrx_word' id='word_1_261' title='bbox 1221 3509 1271 3574; x_wconf 85' lang='lat' dir='ltr'>llll</span> <span class='ocrx_word' id='word_1_262' title='bbox 1279 3508 1424 3593; x_wconf 73' lang='lat' dir='ltr'>pilli.</span> 
     </span>
     <span class='ocr_line' id='line_1_30' title="bbox 259 3605 1425 3696; baseline 0.002 -19"><span class='ocrx_word' id='word_1_263' title='bbox 259 3633 276 3678; x_wconf 88' lang='lat' dir='ltr'>a</span> <span class='ocrx_word' id='word_1_264' title='bbox 297 3613 399 3678; x_wconf 86' lang='lat' dir='ltr'>multia</span> <span class='ocrx_word' id='word_1_265' title='bbox 412 3613 491 3677; x_wconf 82' lang='lat' dir='ltr'>hatte</span> <span class='ocrx_word' id='word_1_266' title='bbox 504 3612 629 3676; x_wconf 79' lang='lat' dir='ltr'>docendi</span> <span class='ocrx_word' id='word_1_267' title='bbox 642 3612 786 3677; x_wconf 69' lang='lat' dir='ltr'>udonem</span> <span class='ocrx_word' id='word_1_268' title='bbox 802 3613 1004 3678; x_wconf 84' lang='lat' dir='ltr'>commendari</span> <span class='ocrx_word' id='word_1_269' title='bbox 1018 3613 1072 3676; x_wconf 88' lang='lat' dir='ltr'>ait:</span> <span class='ocrx_word' id='word_1_270' title='bbox 1095 3605 1133 3677; x_wconf 75' lang='lat' dir='ltr'>itt</span> <span class='ocrx_word' id='word_1_271' title='bbox 1147 3607 1297 3692; x_wconf 77' lang='grc' dir='ltr'><strong><em>πάντων,</em></strong></span> <span class='ocrx_word' id='word_1_272' title='bbox 1317 3613 1425 3696; x_wconf 85' lang='lat' dir='ltr'>inquit,</span> 
     </span>
     <span class='ocr_line' id='line_1_31' title="bbox 258 3707 1425 3804; baseline 0 -24"><span class='ocrx_word' id='word_1_273' title='bbox 258 3709 427 3803; x_wconf 74' lang='grc' dir='ltr'>κεφάλαια</span> <span class='ocrx_word' id='word_1_274' title='bbox 453 3707 640 3794; x_wconf 70' lang='grc' dir='ltr'>ἐκλέξαντες</span> <span class='ocrx_word' id='word_1_275' title='bbox 661 3714 719 3780; x_wconf 80' lang='lat' dir='ltr'>soi</span> <span class='ocrx_word' id='word_1_276' title='bbox 738 3735 832 3792; x_wconf 77' lang='grc' dir='ltr'><strong><em>τινας</em></strong></span> <span class='ocrx_word' id='word_1_277' title='bbox 853 3709 934 3793; x_wconf 74' lang='grc' dir='ltr'>ὅλας</span> <span class='ocrx_word' id='word_1_278' title='bbox 956 3709 1070 3804; x_wconf 72' lang='lat' dir='ltr'>brinate</span> <span class='ocrx_word' id='word_1_279' title='bbox 1091 3707 1139 3792; x_wconf 78' lang='grc' dir='ltr'>εἷς</span> <span class='ocrx_word' id='word_1_280' title='bbox 1160 3707 1264 3781; x_wconf 73' lang='grc' dir='ltr'>ταύτὸ</span> <span class='ocrx_word' id='word_1_281' title='bbox 1286 3713 1425 3800; x_wconf 78' lang='grc' dir='ltr'><strong><em>ξυναγα-</em></strong></span> 
     </span>
     <span class='ocr_line' id='line_1_32' title="bbox 259 3811 1425 3904; baseline 0.003 -22"><span class='ocrx_word' id='word_1_282' title='bbox 259 3811 371 3904; x_wconf 75' lang='lat' dir='ltr'>yo&#39;mg</span> <span class='ocrx_word' id='word_1_283' title='bbox 390 3811 613 3900; x_wconf 73' lang='grc' dir='ltr'><strong><em>ἱνμανθᾶννιν</em></strong></span> <span class='ocrx_word' id='word_1_284' title='bbox 633 3813 720 3904; x_wconf 81' lang='grc' dir='ltr'><strong><em>φασὶ</em></strong></span> <span class='ocrx_word' id='word_1_285' title='bbox 742 3814 819 3882; x_wconf 75' lang='lat' dir='ltr'>daie.</span> <span class='ocrx_word' id='word_1_286' title='bbox 848 3821 925 3884; x_wconf 78' lang='lat' dir='ltr'>hem</span> <span class='ocrx_word' id='word_1_287' title='bbox 951 3837 1014 3886; x_wconf 93' lang='lat' dir='ltr'>non</span> <span class='ocrx_word' id='word_1_288' title='bbox 1032 3817 1203 3885; x_wconf 78' lang='lat' dir='ltr'>inusitatam</span> <span class='ocrx_word' id='word_1_289' title='bbox 1223 3819 1315 3884; x_wconf 84' lang='lat' dir='ltr'>luisse</span> <span class='ocrx_word' id='word_1_290' title='bbox 1334 3820 1425 3885; x_wconf 88' lang='lat' dir='ltr'>etiam</span> 
     </span>
     <span class='ocr_line' id='line_1_33' title="bbox 258 3919 1426 4008; baseline 0.002 -20"><span class='ocrx_word' id='word_1_291' title='bbox 258 3923 402 3988; x_wconf 79' lang='lat' dir='ltr'>lsooatee</span> <span class='ocrx_word' id='word_1_292' title='bbox 422 3919 566 3997; x_wconf 85' lang='lat' dir='ltr'>ostendit,</span> <span class='ocrx_word' id='word_1_293' title='bbox 584 3919 623 3985; x_wconf 93' lang='lat' dir='ltr'>ad</span> <span class='ocrx_word' id='word_1_294' title='bbox 642 3919 753 3988; x_wconf 79' lang='lat' dir='ltr'>liicool</span> <span class='ocrx_word' id='word_1_295' title='bbox 772 3923 874 4000; x_wconf 77' lang='lat' dir='ltr'>stt..</span> <span class='ocrx_word' id='word_1_296' title='bbox 896 3943 990 4006; x_wconf 88' lang='lat' dir='ltr'>quum</span> <span class='ocrx_word' id='word_1_297' title='bbox 1010 3924 1047 3988; x_wconf 87' lang='lat' dir='ltr'>de</span> <span class='ocrx_word' id='word_1_298' title='bbox 1066 3923 1102 3990; x_wconf 91' lang='lat' dir='ltr'>iis</span> <span class='ocrx_word' id='word_1_299' title='bbox 1120 3923 1274 4008; x_wconf 83' lang='lat' dir='ltr'>loquatur,</span> <span class='ocrx_word' id='word_1_300' title='bbox 1294 3923 1346 4008; x_wconf 84' lang='lat' dir='ltr'>qui</span> <span class='ocrx_word' id='word_1_301' title='bbox 1364 3920 1426 4003; x_wconf 76' lang='grc' dir='ltr'>τὰς</span> 
     </span>
     <span class='ocr_line' id='line_1_34' title="bbox 257 4017 1423 4115; baseline 0.002 -23"><span class='ocrx_word' id='word_1_302' title='bbox 257 4017 461 4108; x_wconf 71' lang='grc' dir='ltr'>καλουμένας</span> <span class='ocrx_word' id='word_1_303' title='bbox 475 4019 636 4111; x_wconf 70' lang='lat' dir='ltr'>preripere</span> <span class='ocrx_word' id='word_1_304' title='bbox 651 4024 817 4110; x_wconf 87' lang='lat' dir='ltr'>praecipuis</span> <span class='ocrx_word' id='word_1_305' title='bbox 833 4027 928 4110; x_wconf 86' lang='lat' dir='ltr'>poetis</span> <span class='ocrx_word' id='word_1_306' title='bbox 938 4027 1061 4094; x_wconf 86' lang='lat' dir='ltr'>selectas</span> <span class='ocrx_word' id='word_1_307' title='bbox 1073 4027 1228 4093; x_wconf 81' lang='lat' dir='ltr'>iuvenibus</span> <span class='ocrx_word' id='word_1_308' title='bbox 1238 4039 1423 4115; x_wconf 88' lang='lat' dir='ltr'>proponant:</span> 
     </span>
     <span class='ocr_line' id='line_1_35' title="bbox 259 4126 1424 4220; baseline 0.001 -25"><span class='ocrx_word' id='word_1_309' title='bbox 259 4139 292 4195; x_wconf 88' lang='lat' dir='ltr'>et</span> <span class='ocrx_word' id='word_1_310' title='bbox 303 4129 462 4194; x_wconf 73' lang='lat' dir='ltr'>Aeschines</span> <span class='ocrx_word' id='word_1_311' title='bbox 476 4147 605 4214; x_wconf 82' lang='lat' dir='ltr'>quoque,</span> <span class='ocrx_word' id='word_1_312' title='bbox 620 4139 714 4196; x_wconf 86' lang='lat' dir='ltr'>contr.</span> <span class='ocrx_word' id='word_1_313' title='bbox 731 4129 863 4215; x_wconf 86' lang='lat' dir='ltr'>Gtesiph.</span> <span class='ocrx_word' id='word_1_314' title='bbox 879 4151 909 4216; x_wconf 91' lang='lat' dir='ltr'>p.</span> <span class='ocrx_word' id='word_1_315' title='bbox 925 4131 998 4210; x_wconf 74' lang='grc'>525,</span> <span class='ocrx_word' id='word_1_316' title='bbox 1012 4126 1074 4210; x_wconf 73' lang='grc' dir='ltr'>τὰς</span> <span class='ocrx_word' id='word_1_317' title='bbox 1094 4131 1159 4199; x_wconf 75' lang='grc' dir='ltr'>τῶν</span> <span class='ocrx_word' id='word_1_318' title='bbox 1179 4131 1331 4220; x_wconf 71' lang='grc' dir='ltr'><strong><em>ποιητῶν</em></strong></span> <span class='ocrx_word' id='word_1_319' title='bbox 1344 4126 1424 4217; x_wconf 78' lang='lat' dir='ltr'>proi·</span> 
     </span>
    </p>
   </div>
   <div class='ocr_carea' id='block_1_4' title="bbox 258 4231 1425 4323">
    <p class='ocr_par' dir='ltr' id='par_1_5' title="bbox 258 4231 1425 4323">
     <span class='ocr_line' id='line_1_36' title="bbox 258 4231 1425 4323; baseline 0.003 -24"><span class='ocrx_word' id='word_1_320' title='bbox 258 4251 342 4317; x_wconf 75' lang='lat' dir='ltr'>paee,</span> <span class='ocrx_word' id='word_1_321' title='bbox 360 4250 423 4298; x_wconf 90' lang='lat' dir='ltr'>non</span> <span class='ocrx_word' id='word_1_322' title='bbox 442 4231 553 4318; x_wconf 87' lang='lat' dir='ltr'>integra</span> <span class='ocrx_word' id='word_1_323' title='bbox 572 4233 717 4311; x_wconf 85' lang='lat' dir='ltr'>carmina,</span> <span class='ocrx_word' id='word_1_324' title='bbox 737 4254 755 4299; x_wconf 95' lang='lat' dir='ltr'>a</span> <span class='ocrx_word' id='word_1_325' title='bbox 774 4233 874 4318; x_wconf 85' lang='lat' dir='ltr'>pueris</span> <span class='ocrx_word' id='word_1_326' title='bbox 894 4235 967 4302; x_wconf 83' lang='lat' dir='ltr'>disci</span> <span class='ocrx_word' id='word_1_327' title='bbox 986 4237 1082 4302; x_wconf 88' lang='lat' dir='ltr'>solere</span> <span class='ocrx_word' id='word_1_328' title='bbox 1100 4236 1151 4304; x_wconf 80' lang='lat' dir='ltr'>ait</span> <span class='ocrx_word' id='word_1_329' title='bbox 1185 4238 1283 4323; x_wconf 82' lang='lat' dir='ltr'>htgue</span> <span class='ocrx_word' id='word_1_330' title='bbox 1302 4235 1425 4322; x_wconf 86' lang='lat' dir='ltr'>pustilis</span> 
     </span>
    </p>
   </div>
   <div class='ocr_carea' id='block_1_5' title="bbox 330 4454 941 4532">
    <p class='ocr_par' dir='ltr' id='par_1_6' title="bbox 330 4454 941 4532">
     <span class='ocr_line' id='line_1_37' title="bbox 330 4454 941 4532; baseline 0.007 -22"><span class='ocrx_word' id='word_1_331' title='bbox 330 4454 941 4532; x_wconf 60' lang='lat' dir='ltr'>diffluidsvldvsehapuabbelaetpib.</span> 
     </span>
    </p>
   </div>
   <div class='ocr_carea' id='block_1_6' title="bbox 0 0 1641 4958">
    <p class='ocr_par' dir='ltr' id='par_1_7' title="bbox 0 0 1641 4958">
     <span class='ocr_line' id='line_1_38' title="bbox 0 0 1641 4958; baseline 0 0"><span class='ocrx_word' id='word_1_332' title='bbox 0 0 1641 4958; x_wconf 95' lang='lat' dir='ltr'> </span> 
     </span>
    </p>
   </div>
  </div>
 </body>
</html>
