3186 4958
679 523 784 621 ²¹3

128 709 241 772 addita:
258 709 451 782 „ludibrium
463 731 499 774 eo
511 710 674 786 constabat,
690 711 770 794 quod
783 710 952 794 accipiendo
963 710 1115 774 frumento
1128 707 1295 793 praepositi,

129 811 153 873 ai
170 811 315 886 Britanni,
336 813 388 896 qui
404 813 586 877 trumentum
603 832 664 878 non
680 813 837 885 traherent,
859 831 912 895 nro
927 833 964 877 eo
980 813 1134 895 pecuniam
1150 813 1220 875 dare
1236 811 1295 874 rel·

17 921 18 926 ’
129 911 199 986 lent,
212 933 244 976 ea
260 913 366 977 reiecta
382 915 570 998 pertinaciter
584 915 613 978 in
628 936 664 978 co
679 913 860 998 perstabant,
870 933 905 977 cr
921 915 982 996 lege
998 916 1181 977 trumentum
1197 915 1294 996 ipsum

129 1035 194 1076 eece
209 1015 420 1096 praebendum.
442 1017 526 1092 Quod
542 1025 575 1080 ut
591 1018 710 1082 tandem
725 1017 903 1090 ediceretur,
923 1017 958 1079 ad
973 1015 1192 1100 ‹lesperandum
1207 1017 1294 1078 adac-

131 1117 167 1179 tis
183 1117 330 1182 llritannia
350 1119 405 1202 ipsi
427 1140 461 1183 ex
483 1119 596 1184 horreis
617 1121 680 1184 anio
695 1119 876 1192 vendebant,
899 1119 978 1202 qued
994 1120 1033 1183 illi
1048 1119 1211 1194 debebant,
1231 1117 1294 1182 inr-

130 1229 274 1296 mentum‚
287 1220 378 1285 nimio
389 1222 499 1286 scilicet
511 1223 615 1308 pretio,
631 1231 728 1306 atque.
744 1223 793 1286 ubi
807 1223 1006 1296 vendiderant,
1020 1222 1109 1296 idern,
1125 1222 1204 1305 «ruod
1217 1239 1295 1285 nuuc

130 1325 186 1390 ianr
203 1324 240 1388 nli
253 1327 437 1409 conpluribus
453 1327 654 1411 praeludatur,
678 1346 780 1392 eulmen
795 1328 961 1391 eorrdolrant
976 1327 1005 1389 in
1021 1325 1137 1398 horrea.
1158 1323 1295 1410 nequoid

129 1429 280 1492 stelenum
297 1431 419 1514 pecunia
435 1439 549 1496 rutente
565 1431 685 1515 (pretio)
705 1433 743 1497 olr
761 1432 981 1516 tertultiplirntern
998 1430 1129 1495 videlicet
1143 1435 1295 1514 operarn.“

131 1533 172 1596 lle
188 1533 302 1598 ludibrii
317 1554 425 1618 genere
439 1537 542 1618 ulique
556 1525 716 1600 raacntier:
739 1537 776 1599 de
797 1537 920 1601 lectione
937 1535 1072 1599 assentiri
1088 1553 1147 1598 non
1164 1553 1295 1618 porcum.

130 1635 204 1700 dam
232 1655 269 1700 ne
295 1638 390 1703 dicam
417 1640 454 1702 de
478 1641 614 1703 inusitata
636 1641 715 1704 oen
740 1641 937 1705 recludere
955 1638 1180 1722 sigrrilicatione,
1207 1638 1295 1721 «ruod.

130 1759 223 1824 quum
244 1743 337 1806 nolent
358 1742 394 1804 de
414 1743 572 1825 aperiendo
592 1752 622 1806 cl
641 1745 800 1808 reserando
821 1744 891 1816 dici,
918 1761 998 1808 nunc
1019 1760 1074 1825 nro
1092 1763 1129 1806 eo
1151 1743 1231 1824 qnod
1251 1749 1297 1804 ert

130 1862 261 1908 rursus
276 1845 470 1908 includere
485 1845 616 1927 accipere
632 1845 777 1918 irrueretur,
794 1846 850 1908 lroc
866 1845 963 1927 ieonum
980 1861 1103 1926 parimus
1119 1841 1295 1915 incredibile.

129 1947 167 2020 id,
184 1949 262 2028 quod
279 1947 403 2010 llomnni
420 1947 596 2011 lrorrcorum
614 1947 752 2031 {rraeleeli
768 1947 922 2020 iaciebant,
940 1947 1052 2009 scilicet
1066 1957 1099 2009 ut
1113 1949 1296 2009 irunientnru

130 2067 233 2112 ruraua
248 2049 279 2112 in
294 2049 407 2112 hieracia
426 2050 488 2112 auis
507 2049 684 2122 conderent,
705 2049 732 2110 id
757 2067 837 2112 rrunc
858 2067 917 2112 non
934 2049 1002 2124 lior,
1023 2049 1077 2110 aed
1093 2048 1262 2120 Britanna,
1281 2063 1298 2107 ι

131 2151 239 2232 quibus
260 2152 444 2214 truncantem
463 2151 660 2232 accipiebant,
687 2151 793 2212 toctseo
812 2151 884 2224 dici,
906 2171 1059 2234 quumque
1079 2151 1163 2232 vulgo
1182 2147 1298 2232 pretio

129 2253 238 2334 aliquid
254 2254 349 2316 lacero
365 2254 389 2316 ia
405 2255 526 2323 dicatur.
542 2253 591 2334 riui
608 2253 735 2336 omnum
752 2253 865 2335 accinit,
882 2271 962 2317 rrunc
976 2263 1078 2317 contra
1095 2251 1189 2336 pretio
1203 2251 1300 2314 reclu-

129 2355 199 2417 dere
228 2357 413 2418 trumentum
443 2375 495 2416 eoa
521 2353 587 2430 dici,
616 2355 665 2436 ord
692 2355 821 2438 pretium
848 2354 1017 2418 recludendi
1042 2355 1106 2418 aliia
1131 2357 1299 2415 numerent.

129 2457 288 2539 Scripsisse
316 2457 452 2520 Tacitum
481 2456 624 2520 arbitror:
666 2459 868 2520 accendere
902 2459 1025 2540 pretia
1060 2456 1300 2539 cogebanlur.

129 2559 324 2623 Leuissimum
347 2559 558 2634 mutationem,
584 2559 789 2623 accendere
811 2578 866 2640 pro
891 2561 1083 2634 acludere,
1109 2558 1225 2644 pretia
1246 2573 1300 2638 pro

128 2662 262 2744 prelio,
282 2681 388 2726 omnes
407 2662 596 2726 fatebuntur:
619 2679 674 2724 nec
694 2661 794 2724 minua
809 2661 918 2726 bonam
932 2663 1110 2726 sententiam
1125 2680 1191 2725 esar
1205 2677 1297 2742 agno·

126 2769 220 2840 arent,
250 2765 302 2848 qui
327 2764 518 2828 meminerint
543 2764 751 2828 accendere
777 2765 895 2849 pretia
926 2763 1003 2830 idern
1030 2785 1096 2829 ecre
1120 2783 1155 2828 ac
1179 2763 1302 2846 pretia

27 2862 29 2868 ’
126 2885 276 2950 augere,
302 2867 387 2931 cuiun
411 2867 632 2948 significationis
652 2867 786 2951 exempla
809 2887 827 2932 e
848 2867 1002 2933 l'ornellini
1023 2868 1116 2951 copiis
1141 2883 1299 2950 apponam,

131 2973 237 3034 Senon.
254 2970 290 3034 de
306 2969 403 3034 bonel.
420 2969 484 3044 tn,
501 2969 538 3032 9:
562 2971 799 3051 Crystallina,
819 2989 976 3056 quorum
996 2970 1169 3036 accendit
1188 2969 1302 3052 lragi·

49 3155 52 3162 ¹
125 3073 399 3156 titacprenom.
445 3055 875 3151 onerenxnnenoo.
920 3071 1302 3154 dunttooccarupto·

126 3177 265 3240 vincern
285 3175 449 3239 hiemem
471 3175 716 3254 denuntiant,
740 3179 945 3262 statimque
970 3187 1108 3260 augent
1127 3174 1301 3239 lacerna·

126 3298 205 3344 rum
226 3279 363 3362 prelia;
387 3295 521 3342 cereno
541 3297 727 3361 asperam,
753 3287 788 3343 et
812 3282 1040 3364 reliquarum
1062 3277 1223 3342 realium
1243 3296 1303 3341 ac·

127 3383 299 3446 cendnnn
344 3381 458 3444 Eodem
479 3399 570 3444 aenan
590 3383 678 3446 etiarn
701 3383 896 3448 incendere
919 3384 1048 3466 pretium
1068 3390 1098 3445 et
1117 3379 1304 3444 creanda·

126 3485 251 3548 iacere
266 3483 386 3546 dicitur:
403 3484 512 3546 scittoet
527 3483 595 3566 qnia
611 3485 695 3566 pretii
708 3487 910 3568 magnitudine
921 3492 1072 3568 emptores
1083 3483 1169 3566 quari
1184 3500 1304 3546 urun-

126 3595 195 3648 tur.
233 3583 412 3665 Populum
432 3585 560 3648 urclrat
582 3603 746 3664 annona,
769 3597 815 3650 eat
830 3589 908 3670 aliud
924 3589 1023 3652 Vellei.
1039 3587 1075 3660 tt,
1095 3585 1147 3648 77.
1162 3601 1304 3648 excau-

126 3687 301 3750 deiacorc
322 3703 508 3749 annonam
535 3687 613 3771 apud
635 3686 796 3752 Varronem
817 3691 852 3753 R.
874 3691 908 3752 tt.
925 3691 966 3765 ll,
987 3689 1023 3764 2,
1052 3690 1100 3752 tu.
1146 3687 1305 3769 sicigitur

127 3787 276 3852 emendati
295 3789 350 3852 loci
372 3788 519 3852 sententia
540 3789 613 3852 hacc
630 3799 692 3852 eat:
717 3790 849 3854 Britanni
864 3811 958 3872 renum
974 3791 1160 3855 trumentum
1175 3800 1227 3854 ιιιι
1241 3806 1303 3853 non

128 3889 286 3966 haberent,
305 3899 357 3955 aut
370 3909 487 3954 serrare
502 3892 624 3966 vellent,
645 3901 697 3955 aut
719 3892 863 3956 devehere
884 3912 944 3976 qno
968 3893 1039 3957 iuari
1055 3902 1141 3956 erant
1155 3909 1217 3956 nou
1230 3911 1304 3975 por·

128 4003 204 4065 sent.
221 4001 272 4058 aul
286 3994 366 4076 quod
381 3995 523 4060 offerrent
537 3993 722 4059 trumentum
740 3995 777 4059 ab
792 3995 970 4060 horreorum
982 3995 1138 4080 praelectis
1153 4011 1216 4058 non
1231 4013 1305 4080 pro·

129 4098 259 4172 baretura
283 4115 385 4162 emere
410 4105 556 4180 quantum
582 4097 726 4162 deberent
751 4117 788 4162 ex
815 4098 923 4164 clauis
944 4101 1150 4164 Romanorum
1177 4097 1304 4174 horreis,

128 4217 281 4283 quumque
295 4199 397 4284 plurea
411 4199 448 4263 ad
462 4198 567 4263 eadam
592 4199 699 4264 horrea
719 4203 905 4266 confluerent
922 4202 1153 4287 empturientea,
1174 4201 1307 4267 undere

128 4303 165 4368 iia
179 4311 210 4366 et
224 4303 363 4366 licitando
377 4303 497 4366 interae
511 4304 672 4368 accendere
687 4303 781 4388 pretia
796 4303 986 4388 cogebantur.

37 4399 39 4404 ’
217 4405 259 4470 De
275 4405 416 4470 extremi·
430 4405 463 4470 in
477 4403 535 4470 hoc
554 4405 648 4491 capite
662 4405 774 4470 rubia:
796 4390 932 4482 donec,
954 4401 1051 4491 quod
1073 4406 1250 4472 omuibur
1269 4407 1307 4472 in

129 4517 305 4592 promptu
330 4513 432 4584 erat,
458 4508 590 4592 paucio
609 4509 798 4572 lucrorum
818 4508 950 4588 lieret,
971 4527 1070 4593 neque
1084 4509 1189 4576 Wexio
1208 4527 1308 4594 nequa
