3186 4968
759 441 907 546 ue..

241 639 329 704 huius
344 639 459 722 generis
475 637 612 723 plurime,
627 635 724 722 qusiis
739 633 1138 720 commmittendum
1155 635 1187 698 S.
1199 636 1275 704 Aion
1292 657 1320 719 p.
1343 639 1409 701 idi.

243 743 397 807 ueuwoou.
410 743 446 808 sd
462 744 494 808 4.
510 741 597 806 Eum.
613 761 642 825 p.
661 740 731 804 126.
745 741 806 804 un.
822 741 857 803 ed
876 737 944 802 Eur.
966 738 1050 804 idern.
1071 737 1129 802 iur.
1152 756 1179 800 ν.
1203 738 1264 802 782
1285 748 1315 804 et
1337 739 1412 803 dist-

244 845 358 911 chisen
371 865 414 930 gr.
429 864 471 929 gr.
486 849 504 922 0
521 847 583 909 440
598 855 661 910 not.
681 845 711 918 3,
723 865 748 907 c.
762 847 791 907 4.
820 843 914 906 Etiam
927 835 1162 928 δαφνηφόρους
1173 835 1300 918 κλῶνας
1311 862 1336 906 ν.
1350 844 1413 908 430

244 949 301 1016 dici
316 949 450 1014 ridemus
462 967 561 1014 remos
576 948 607 1012 in
621 946 842 1034 depirnephorie
854 947 1021 1030 putandos,
1037 942 1161 1022 κλῶνας
1173 939 1412 1032 άαφνηφορλας.

332 1054 467 1137 Digresso
493 1053 594 1117 Xutho
614 1054 723 1117 Creuss
750 1051 911 1126 ..utinem‘
937 1049 1034 1134 inquit
1059 1051 1189 1134 „epodo
1210 1067 1290 1114 nuuc
1308 1051 1412 1116 saitem

248 1165 364 1243 peccatu
385 1157 456 1221 oiim
477 1157 508 1222 in
529 1177 577 1222 rne
597 1156 725 1222 admisso
745 1155 902 1240 corriget‘·
934 1153 996 1220 iioc
1015 1156 1095 1220 cnim
1115 1171 1205 1220 sensu
1227 1143 1412 1236 ἀναλαβεῖν,

246 1279 274 1325 ν.
291 1262 364 1336 440,
379 1261 581 1348 accipiendum
594 1270 649 1338 est,
665 1273 698 1326 ut
710 1261 787 1348 opud
801 1259 980 1346 Sophoclem
994 1260 1067 1324 unit.
1078 1279 1104 1325 ν.
1120 1263 1216 1328 tutu:
1233 1255 1292 1347 cdv
1307 1251 1415 1344 άμαρ-

247 1365 321 1431 τίαν
347 1356 486 1447 αἰσχράν
512 1358 667 1452 ‹ipseper-ir
694 1358 872 1448 ἀναλαβεῖν
900 1359 1115 1450 πειράσομαι.
1146 1366 1189 1432 Ci.
1209 1363 1414 1450 wyttenbech.

248 1469 284 1534 ed
305 1467 481 1534 Plutonis!
503 1491 530 1556 p.
547 1473 598 1534 40.
630 1470 671 1534 οο
690 1461 774 1534 άλλά
793 1479 893 1534 nutem
913 1487 971 1553 qun
994 1469 1107 1533 ustione
1129 1488 1182 1554 pro
1203 1471 1337 1535 saltem
1358 1469 1415 1532 dici

249 1574 380 1662 potuerit
399 1575 472 1639 setis
491 1575 603 1640 dictum
624 1583 670 1640 cst
689 1573 880 1639 edintthiueo
900 1589 942 1656 gr.
963 1591 1006 1658 gr.
1022 1577 1041 1648 ti
1056 1575 1128 1636 013.
1145 1607 1186 1621 -
1202 1574 1305 1650 „Sic“
1322 1573 1416 1658 porgit

245 1697 329 1756 „nou
345 1679 465 1764 quidem
482 1681 567 1764 piune
581 1680 709 1746 runcum
725 1699 757 1744 se
769 1699 837 1763 erge
851 1699 898 1743 me
910 1677 1068 1764 pmesteldt
1081 1713 1124 1726 -
1139 1669 1199 1758 οὐχ
1213 1670 1305 1754 άπας
1319 1673 1417 1762 φίλος

247 1783 266 1848 i.
282 1802 312 1869 q.
328 1775 367 1848 od
381 1777 581 1848 νναννάπααι
596 1777 696 1870 φίλος
711 1819 741 1831 --
754 1829 762 1860 ‚
777 1785 830 1849 sod
845 1783 925 1868 quod
941 1782 996 1868 ipsi
1012 1781 1166 1868 placuerit,
1186 1781 1327 1866 quonism
1344 1783 1418 1845 deus

245 1899 309 1964 est,
330 1887 503 1974 occipiam‘·
535 1887 613 1954 ilaec
632 1889 698 1955 iicet
719 1889 765 1954 ius
785 1888 888 1954 obiens
909 1905 1010 1952 secum
1028 1887 1091 1971 ipse
1106 1887 1204 1951 locuto
1219 1887 1274 1963 sit,
1295 1885 1332 1950 etr
1347 1885 1417 1950 ioue

246 2003 350 2058 temen
369 1993 468 2058 cudite
483 1991 671 2058 mirationem
686 1993 713 2057 ei
727 2001 758 2056 et
772 1991 881 2076 aliquid
894 1991 981 2056 ctione
994 1989 1171 2073 suspicionis
1183 1989 1326 2056 iniiciunt.
1348 1987 1417 2062 Sed,

247 2097 346 2181 inquit
360 2115 387 2160 ν.
403 2095 477 2172 447,
492 2097 562 2180 quid
578 2097 651 2161 haec
665 2095 701 2160 sd
718 2093 789 2160 met

489 2191 574 2285 dedp
596 2195 764 2284 θυγατρὸς
784 2199 844 2286 τῆς
863 2189 1046 2284 Ἐρεχθέως
1068 2199 1101 2266 τί
1120 2221 1180 2282 μοι

488 2300 601 2384 μέλειν
624 2297 788 2388 προσήκοι
811 2294 843 2386 γ’
866 2295 971 2370 ceute.

250 2407 302 2472 Sic
331 2406 412 2470 onim
443 2415 615 2490 corruptam
641 2407 777 2473 codicum
804 2407 981 2492 scripturam
1009 2399 1172 2494 concriset
1197 2397 1232 2468 ν’
1258 2391 1359 2480 οὖδας
1384 2403 1420 2468 οο

249 2507 359 2574 neunt
380 2507 547 2574 coniectura
564 2509 752 2576 ilermennus
772 2509 879 2594 otiique
900 2519 969 2594 post
988 2529 1055 2574 uum
1079 2511 1208 2574 editores
1222 2509 1420 2584 reduxeruntc

249 2610 398 2677 Nsueisius
429 2629 559 2696 eumque
590 2623 712 2680 secutus
744 2613 944 2678 iiirchboiiius
976 2632 1030 2678 cur
1054 2604 1240 2698 προσῆκόν
1267 2603 1300 2694 γ’
1327 2602 1423 2675 oddir

249 2714 486 2799 preoopnverim
501 2715 614 2780 nescire
630 2735 678 2782 me
693 2716 804 2792 ietoor,
819 2734 916 2800 neque
931 2737 967 2782 es
982 2739 1019 2781 oo
1034 2715 1114 2800 quod
1130 2715 1206 2799 spud
1222 2716 1369 2779 lustinum
1386 2715 1423 2778 de

251 2817 421 2882 monsrchis
436 2837 465 2900 p.
487 2819 545 2884 100
560 2819 606 2882 ed.
624 2819 697 2894 Col„
713 2819 763 2884 ubi
780 2819 810 2883 ui
826 2839 929 2885 versus
944 2823 1121 2891 efferuntur.
1143 2811 1293 2902 προσῆκέ
1313 2809 1352 2898 μ’
1367 2809 1424 2882 od·

250 2913 315 2983 dir
336 2920 481 3004 scriptum
510 2921 632 3004 iegitur,
659 2923 803 2987 maiorem
825 2923 1115 2988 commendationem
1137 2919 1206 2984 huic
1226 2921 1424 2996 emendationi

250 3023 390 3088 accedero
409 3042 496 3107 posse
519 3024 658 3088 eninm.
691 3024 730 3090 οο
751 3017 789 3108 γά
805 3025 963 3110 porticulo,
985 3045 1061 3109 «pure
1076 3027 1105 3090 in
1121 3023 1168 3088 itio
1184 3023 1311 3086 uiuorum
1328 3042 1424 3088 mem-

250 3125 373 3190 brorum
394 3125 612 3210 compositione
633 3127 696 3194 iere
718 3127 737 3194 i.
759 3149 787 3212 ep
811 3122 872 3212 γάρ
893 3128 1051 3214 significet,
1080 3128 1192 3192 dietum
1214 3145 1304 3210 cupre
1325 3136 1371 3190 est
1389 3119 1425 3190 ed

252 3247 280 3291 ν.
296 3229 369 3293 400.
384 3259 424 3276 ·-
443 3228 518 3292 iiinc
534 3229 587 3310 ion
602 3232 638 3294 ed
655 3231 771 3315 proprie
788 3233 907 3296 neocori
924 3250 1046 3296 munero
1062 3229 1248 3312 exsequendo
1263 3231 1425 3294 conversu⁸

252 3333 352 3396 iecere
366 3341 466 3396 temen
481 3349 543 3396 non
558 3341 671 3416 potest,
693 3335 766 3416 quin
782 3333 966 3417 iniquitatem
983 3333 1124 3416 Apollinis
1139 3333 1190 3397 iilo
1205 3351 1222 3396 e
1237 3333 1347 3398 Creusa
1363 3353 1427 3396 mo·

253 3445 371 3499 moreto
395 3454 465 3500 casu
492 3433 646 3517 probatem
672 3435 863 3499 veliementer
883 3437 1080 3518 reprehendat
1102 3435 1198 3499 verbio
1219 3437 1256 3498 ed
1278 3435 1425 3516 Euripidis

254 3536 352 3619 potieu
371 3543 576 3620 contemptum
597 3539 723 3601 deorum
745 3537 947 3602 fabulosorum
969 3556 1058 3620 quem
1075 3538 1110 3601 od
1127 3538 1337 3602 eelcicecentuii
1353 3553 1425 3599 neo·

255 3639 317 3704 ocri
343 3659 499 3724 pononsm
525 3639 768 3706 accommodatis.
810 3637 1042 3725 Nnodscpciog
1068 3633 1106 3704 dt
1130 3660 1191 3722 μοι
1218 3641 1359 3720 Φοῖβος,
1385 3637 1426 3700 eit

257 3761 284 3804 ν.
301 3743 378 3816 450,
400 3734 437 3805 si
458 3737 600 3822 πάσχεις
627 3737 820 3829 παρθένους
840 3735 903 3830 βίᾳ
925 3743 1039 3826 γαμῶν
1061 3738 1263 3826 προδίδωσι.
1308 3739 1426 3804 (deuteri

186 3921 188 3925 Ι
256 3844 456 3909 coniecturam
477 3843 512 3909 ei
532 3837 672 3924 πάσχων
695 3847 801 3911 merito
821 3847 909 3911 etism
930 3846 1099 3910 Badhemus
1118 3844 1243 3926 sprevit,
1268 3843 1341 3908 etius
1362 3842 1426 3925 ipso

257 3945 426 4011 inuicumodi
440 3947 764 4012 ernondetiuoculesurn
780 3950 878 4032 peuiio
893 3947 1038 4032 cupidior.
1065 3947 1131 4010 Non
1146 3945 1317 4029 infrequens
1331 3954 1377 4009 ost
1392 3937 1427 4009 τί

257 4040 381 4130 πάσχει
408 4049 452 4116 sic
478 4041 667 4126 άσσνάάνως
691 4051 812 4116 dictum.
854 4051 898 4115 ci.
920 4049 1069 4134 iiippoipt.
1094 4067 1120 4112 ν.
1147 4049 1226 4112 diu:
1253 4042 1367 4111 νάκνον
1393 4048 1428 4113 ci

256 4140 416 4230 ννάσχννςς
437 4145 615 4236 συγγόνους
629 4153 862 4234 κανορροθνῖςς
882 4153 1032 4236 Aristoph.
1049 4151 1116 4216 Pac.
1133 4170 1160 4214 ν.
1176 4150 1252 4214 38οτ
1275 4142 1425 4230 circinos

256 4247 292 4314 sd
304 4243 448 4333 πάσχετ’
462 4243 593 4336 άνάρεςς
609 4245 726 4318 ἕστατ’
740 4247 1018 4338 άκνσννσληγμίνον.
1049 4255 1180 4319 Verbum
1196 4251 1426 4336 repetentum

255 4354 378 4436 proprie
397 4355 450 4420 sod
468 4356 631 4420 ednoduus
650 4355 824 4438 dequenter
842 4357 920 4440 opud
941 4363 1043 4444 poetes
1063 4357 1153 4422 etiem
1175 4357 1213 4420 de
1232 4353 1269 4420 iis
1283 4355 1355 4430 dici,
1374 4355 1426 4437 qui

254 4467 329 4520 cun
347 4455 459 4542 virgins
478 4475 539 4522 non
557 4457 614 4522 sibi
633 4465 727 4542 nupts
746 4457 948 4524 concumbunt
961 4459 1134 4524 monuimus
1147 4459 1184 4524 sd
1199 4457 1313 4542 prolog.
1329 4475 1356 4519 ν.
1376 4453 1425 4518 40.
