3166 4962
306 633 488 728 φυλάσσειν
502 647 554 704 aut
567 637 684 726 τηρεῖν.
698 637 772 702 Nam
788 629 962 720 άναμόνειν
974 633 1034 702 τόν
1047 631 1142 702 τόνον
1152 659 1186 703 ea
1200 641 1320 706 demtum
1331 643 1470 708 vocabula

307 745 364 808 dici
378 744 491 820 solent,
511 761 599 824 quae,
621 761 714 824 quum
734 743 771 805 ab
786 741 849 805 otiis
864 741 990 806 derivata
1006 741 1080 817 sint,
1102 752 1257 808 recentum
1273 746 1418 829 recipiunt
1433 747 1470 812 ari

305 865 409 910 eonem
421 847 501 910 unde
515 845 642 908 derivata
657 851 728 908 sunt
742 863 879 909 normam
894 846 1166 924 accommodatum
1177 857 1280 912 contra
1288 844 1471 934 φυλάσσειν

305 945 364 1013 τόν
393 943 490 1012 τόνον
520 969 568 1022 ea,
598 967 673 1030 quae
699 967 788 1030 quem
815 949 971 1032 proprium
996 957 1150 1012 accentum
1176 949 1301 1030 liabent,
1332 952 1470 1028 eundem,

231 1113 232 1116 ,
306 1061 450 1134 quantum
479 1051 598 1134 quidem
625 1069 679 1134 per
705 1052 855 1133 generales
884 1053 998 1133 regulas
1027 1053 1104 1126 ticet,
1133 1062 1303 1117 constanter
1331 1055 1471 1133 retinent,

262 1152 264 1156 ’
305 1155 420 1218 etiamsi
430 1155 604 1236 ceteroquin
615 1153 708 1217 varias
719 1155 833 1218 formae
846 1155 1024 1218 mutationes
1035 1154 1189 1230 subierint,
1203 1155 1293 1220 veluti
1305 1151 1471 1239 συγχεόας,

308 1277 383 1340 quae
404 1257 500 1321 iorma
515 1257 671 1339 Apollonio
691 1277 707 1320 ε
727 1250 907 1338 συγχεόσας
925 1257 1000 1321 iacta
1021 1257 1188 1334 videbatur,
1209 1258 1297 1323 buius
1317 1270 1471 1325 accentum

306 1371 411 1424 serrat.
454 1363 592 1424 Attamen
621 1377 683 1423 non
709 1360 797 1422 credo
822 1360 879 1422 boc
905 1360 1041 1442 exempto
1067 1359 1255 1441 Apollonium
1282 1381 1371 1426 usum
1396 1384 1472 1437 esse,

308 1465 415 1547 quippo
436 1464 465 1526 in
481 1471 678 1546 quopropter
696 1463 891 1544 quantitatem
914 1463 1040 1544 syllabae
1056 1471 1226 1544 postremae
1240 1466 1350 1528 retrabi
1365 1484 1472 1530 accen·

307 1575 357 1629 tus
371 1567 453 1630 nutio
468 1567 558 1628 modo
573 1567 717 1650 potuerit:
734 1565 887 1650 scripsisse
902 1583 971 1628 eum
987 1560 1115 1630 arbitror
1129 1564 1294 1648 συγχεῦαι,
1308 1577 1392 1632 1ευ1ο
1407 1589 1473 1634 ma·

308 1669 362 1750 qis,
377 1669 445 1750 quia
459 1671 536 1752 aqrud
552 1671 727 1744 Homerum,
742 1670 821 1733 unde
836 1673 933 1734 soient
947 1654 1158 1754 iercexempla
1174 1671 1244 1754 peti,
1260 1670 1332 1734 iilud
1347 1673 1472 1736 alterum

308 1791 455 1856 nusquam
476 1783 569 1847 extat,
590 1791 683 1857 quum
705 1769 859 1856 συγχεῦαι
881 1775 974 1838 εειοε1
988 1783 1067 1837 certe
1083 1774 1208 1856 legatur,
1230 1774 1284 1838 Od.
1300 1775 1379 1852 vttt,
1406 1775 1473 1838 139.

309 1877 393 1952 Quod
414 1885 513 1942 autom
537 1877 595 1942 diri
615 1879 651 1944 rte
668 1875 837 1942 discrimine
852 1877 1036 1940 locutionum
1061 1868 1233 1958 άναμὲνιιν
1246 1885 1276 1940 et
1291 1871 1475 1963 φυλάσσειν

310 1976 368 2042 τόν
382 1975 493 2058 τόνον,
514 1981 633 2063 nequis
649 1987 760 2044 temere
776 1981 885 2044 iactum
898 1989 998 2062 putet,
1018 1979 1218 2061 comprobabo
1235 1981 1346 2062 aliquot
1362 1982 1474 2045 utrius·

311 2101 366 2162 que
389 2081 546 2146 locutionis
568 2083 719 2168 exemplis.
764 2083 855 2164 Igitur
879 2083 935 2146 bac
960 2083 1023 2164 ipsa
1042 2083 1146 2165 pagina
1167 2083 1291 2164 legimus
1312 2103 1338 2146 ν.
1358 2085 1413 2146 1οι
1435 2079 1475 2146 τό

288 2215 291 2221 f
310 2173 395 2260 άναξ
414 2175 590 2265 άπαβαλόν
608 2180 648 2249 τό
667 2205 683 2262 ε
701 2181 758 2248 τόν
775 2176 876 2248 αι’·τόν
899 2179 995 2250 τόνον
1014 2179 1188 2271 φυλάσσει.
1215 2206 1244 2269 p.
1261 2185 1333 2262 577,
1353 2186 1406 2248 13ι
1432 2179 1475 2247 τά

237 2299 239 2304 ’
313 2278 582 2368 συνιμπίπτοντα
607 2277 788 2373 όυομαεικῇ
813 2279 944 2351 πτιόσει
970 2279 1182 2371 ἐπιρρήματα
1206 2283 1266 2370 τόν
1290 2281 1388 2350 τάσιν
1412 2283 1476 2350 τῶν

313 2379 484 2470 άνομάτιυν
497 2383 672 2475 φυλάσσει.
695 2390 817 2466 (sciticet
830 2390 1033 2472 significantur
1051 2391 1196 2454 eiusmodi
1215 2391 1359 2474 exempla,
1381 2390 1476 2471 qualia

310 2501 381 2556 sunt
394 2486 485 2570 ταχύ,
504 2486 609 2570 παλά,
635 2483 717 2578 ἰδίᾳ,
738 2488 855 2579 κύκλῳ,
878 2512 953 2577 quae
976 2513 1069 2574 quum
1091 2513 1123 2558 re
1143 2513 1211 2558 vcra
1230 2495 1303 2556 nibil
1318 2493 1375 2556 uisi
1390 2511 1475 2556 casus

312 2592 468 2656 nominum
482 2595 558 2670 sint,
579 2594 740 2678 Apollonio
756 2596 892 2659 adverbia
912 2605 984 2660 sunt
997 2597 1113 2661 casibus
1128 2597 1337 2678 congruentia,
1359 2613 1476 2675 συνεμ-

313 2689 503 2779 πίπτοντιι.)
541 2717 569 2782 p.
586 2699 663 2776 582,
684 2700 703 2764 8
724 2699 865 2763 adiectira
885 2717 954 2763 cum
974 2701 1149 2782 &privativo
1169 2699 1332 2782 composita
1354 2699 1425 2762 siin
1442 2702 1477 2773 a}

312 2809 430 2874 exeunt,
446 2811 601 2864 accentum
615 2801 784 2877 retrabunt,
799 2802 845 2864 sin
860 2801 890 2864 in
907 2804 950 2884 ἧς,
966 2797 1131 2887 φυλάσσει
1145 2797 1204 2866 τόν
1217 2797 1328 2880 τόνον,
1343 2809 1378 2864 ut
1393 2809 1477 2884 ψευ-

314 2897 383 2988 όός,
404 2897 563 2990 άψευάός.
608 2925 637 2986 p.
654 2904 726 2976 584,
753 2906 801 2979 10,
821 2898 860 2967 τό
879 2899 939 2984 μὲν
959 2897 1011 2980 ὥς
1031 2897 1090 2983 οὐχ
1111 2896 1478 2984 penetraruntque

312 3001 370 3068 τόν
390 2997 479 3069 λ’άιον
497 3001 593 3070 τόνον
607 3000 782 3092 φυλάσσει.
827 3009 935 3070 Contra
950 3017 1050 3070 autern
1066 3029 1095 3089 p.
1112 3007 1185 3080 581,
1201 3007 1230 3082 8,
1246 3007 1381 3070 adverbia
1397 3007 1427 3068 in
1442 3009 1479 3082 3,ss

311 3125 329 3170 a
348 3109 519 3172 nominibus
542 3109 670 3172 derivata
689 3109 843 3192 proprium
863 3117 1018 3172 accentum
1039 3128 1100 3172 non
1120 3109 1244 3186 babent,
1271 3100 1424 3190 άναριάνει
1441 3106 1480 3173 δὲ

313 3204 371 3272 τόν
385 3207 552 3274 πτωτικόν
564 3205 675 3287 τόνον,
697 3203 734 3287 ὃς
754 3205 845 3274 ε’στιν
866 3203 939 3275 άπὸ
959 3212 1090 3296 γενικῆς
1104 3207 1343 3296 πληθυντικῆς.
1370 3211 1479 3276 Eadem

314 3331 344 3396 p.
360 3312 436 3385 583,
461 3313 499 3378 18
525 3315 664 3378 dicuntur
683 3305 857 3395 άναμὲνιιν
875 3310 933 3400 τόν
952 3307 1050 3378 τάσιν
1068 3310 1126 3400 τήν
1145 3307 1180 3378 ἐν
1199 3313 1269 3390 τοῖς
1288 3315 1479 3391 πτωτικοῖς.

315 3436 344 3500 p.
357 3415 429 3490 585,
442 3415 493 3493 30,
505 3417 640 3481 adverbia
655 3418 817 3482 numerabo
832 3417 863 3481 in
878 3419 939 3502 ᾗ,
954 3408 1013 3480 σάν
1027 3408 1181 3498 ereptae
1192 3411 1287 3482 τόνον
1298 3408 1481 3502 άλλότριον,

315 3510 387 3606 ἰδίᾳ
402 3512 439 3582 (λε’
454 3521 666 3606 περισπᾶται
681 3513 825 3586 ἅπαντα.
870 3521 982 3585 Eodem
1005 3540 1065 3604 quo
1085 3511 1259 3603 άναμάνειν
1281 3540 1371 3586 sensu
1390 3522 1480 3586 etiam

313 3613 541 3704 άναιλάχεσάαι
554 3621 612 3688 τόν
625 3619 721 3690 τόνον
734 3626 851 3702 dicitur,
866 3633 900 3690 ut
914 3623 1024 3709 ρ581,
1040 3623 1070 3688 5.
1081 3623 1110 3699 8,
1126 3641 1180 3708 pro
1195 3618 1373 3710 φυλάττειν
1381 3633 1480 3690 autem

313 3727 430 3815 τηρεῖν,
452 3749 481 3814 p.
497 3729 570 3806 570,
586 3729 638 3792 22.
654 3729 727 3806 585,
743 3729 795 3793 27.

399 3833 433 3896 l'.
448 3833 522 3906 519,
537 3833 596 3896 tt:
624 3830 716 3898 saut
736 3825 876 3915 εἴπομεν
895 3827 953 3897 καὶ
974 3826 1016 3898 τό
1037 3821 1125 3896 άντά
1141 3820 1224 3894 άνια
1239 3829 1482 3914 παρακεῖσθαι.

316 3935 511 4000 Scribonium
534 3945 580 4001 est
593 3931 642 4022 τῷ
658 3927 754 4014 άντιό,
768 3937 846 4001 siout
860 3935 935 3999 inira
950 3955 977 3999 ν.
994 3936 1046 4013 33,
1060 3925 1215 4018 ὖπόόραξ
1228 3935 1278 4021 aqi
1292 3927 1399 4015 δέρκου
1413 3955 1484 3998 πα-

317 4031 479 4120 ράκειται.
525 4041 575 4105 Sic
593 4040 674 4104 enim
697 4047 870 4105 constanter
888 4039 946 4102 hoo
965 4037 1088 4102 verbum
1111 4037 1249 4120 usurpari
1269 4039 1345 4102 solet
1357 4039 1388 4102 in
1402 4039 1484 4102 eius·

316 4141 398 4205 modi
412 4143 568 4221 vocabulis,
589 4163 665 4228 quae
687 4136 827 4227 tanquam
851 4141 1022 4206 secundaria
1037 4150 1068 4204 et
1082 4161 1119 4205 er
1130 4139 1194 4205 eliis
1208 4141 1307 4224 atiquo
1322 4142 1413 4206 modo
1430 4143 1485 4206 do·

318 4243 629 4310 11ειειιεεν1ι1ευ1υε.
652 4247 697 4311 Ci.
712 4269 742 4334 p.
758 4245 830 4324 533,
849 4246 898 4309 10.
917 4245 965 4308 15.
981 4246 1055 4322 554,
1070 4243 1213 4325 21555,
1229 4244 1280 4308 31.
1296 4245 1348 4309 33.
1363 4246 1437 4326 555,
1452 4246 1482 4309 2.

317 4346 392 4428 558,
410 4347 462 4413 23.
485 4348 560 4431 562,
575 4351 627 4415 21.
670 4351 712 4416 Ea
731 4361 847 4426 eutem,
868 4351 948 4415 undo
968 4349 1080 4414 tenen
1100 4353 1189 4429 sunt,
1213 4341 1415 4434 προκείμενα
1433 4358 1484 4414 aut
