3182 4962
734 422 886 522 geq-

226 618 346 693 geretor
359 617 470 683 eette,
485 627 502 672 e
518 609 640 674 redite
650 609 759 674 scilieet
771 611 937 674 decurtata¹
948 611 986 686 ¹).
1013 608 1141 692 Apparet
1152 616 1252 672 autem
1266 609 1393 693 primam

227 711 346 776 aoerdae
365 711 505 793 syllabam
526 730 565 775 ee
585 711 652 788 (bel
669 729 729 776 non
745 713 889 776 diuersam
906 733 970 776 esse
984 711 1021 775 ab
1035 713 1083 776 illa
1098 713 1189 797 stirpe
1204 713 1393 776 demonstra·
1426 719 1429 726 “
1490 729 1496 738 ’

227 815 294 884 lira,
307 813 344 875 de
359 832 416 895 qua
431 813 460 875 iu
476 813 572 894 primo
588 813 682 896 eapite
697 815 800 878 barum
818 817 1025 896 quaestionum
1041 814 1177 889 diximus,
1199 833 1284 896 quae,
1299 813 1394 876 labiaii

226 915 393 980 semivocali
414 923 513 990 aucta,
542 915 631 978 etiam
652 935 721 999 que
742 918 933 981 scribebatur.
969 918 1001 980 ld
1025 917 1172 980 llandium
1194 937 1312 999 quoque
1333 933 1394 978 non

225 1017 308 1100 iugit,
331 1018 454 1080 Trusell.
481 1018 517 1080 ii.
544 1039 572 1101 p.
603 1019 662 1092 tu,
684 1039 863 1102 quaruqnam
883 1021 920 1083 de
943 1019 1165 1084 alteraroeuine
1181 1019 1394 1100 eedosyliaba

226 1121 326 1184 minus
341 1129 420 1183 recte
436 1119 623 1184 iudieautem.
654 1121 735 1186 ilaue
750 1123 828 1185 enim
844 1142 880 1185 ex
895 1141 1000 1202 graeeo
1014 1121 1188 1206 imperativo
1203 1117 1261 1198 δός
1276 1122 1393 1205 repetit,

225 1223 337 1287 scilieet
351 1243 411 1304 quo
426 1223 470 1285 sie
484 1223 573 1286 etiam
590 1225 679 1286 cedo
695 1244 749 1308 pro
764 1224 948 1308 imperativo,
963 1224 1116 1306 peregrina
1132 1223 1262 1306 quidem,
1279 1233 1313 1287 ut
1328 1223 1392 1308 ipse

226 1325 267 1388 ait
292 1346 322 1407 p.
346 1327 394 1399 il,
417 1325 512 1388 iorma
533 1325 635 1389 baberi
663 1329 764 1410 pessit.
795 1328 847 1390 Via·
869 1327 1023 1408 quisquam
1046 1327 1133 1390 bodie
1153 1327 1230 1391 irone
1248 1327 1393 1390 rationem

229 1429 450 1513 praeferendam
471 1429 610 1493 iudicabit
630 1431 714 1494 alteri
734 1431 845 1494 dudum
866 1451 882 1494 a
904 1450 952 1493 me
972 1464 1015 1476 -
1035 1429 1113 1492 barad
1135 1431 1196 1494 seio
1217 1449 1255 1492 au
1274 1431 1311 1494 ab
1331 1430 1395 1492 aliis

183 1511 187 1526 ⁸
228 1544 296 1597 aute
318 1552 366 1596 me
382 1567 422 1578 -
438 1534 622 1618 proposilne,
644 1534 689 1598 de
711 1536 783 1598 nibil
799 1535 876 1598 uliud
892 1555 958 1597 esse
974 1533 1029 1597 nisi
1044 1534 1168 1616 stirpem
1184 1533 1395 1596 demonstrati·

227 1656 293 1702 vam
309 1635 444 1712 canalem,
461 1657 536 1720 quae
552 1639 640 1702 etiam
658 1639 688 1704 in
702 1639 803 1720 deind,
819 1638 907 1719 rlalaas]
918 1649 948 1702 et
960 1639 989 1701 iu
1001 1647 1119 1702 nostrae
1131 1639 1246 1720 linguae
1257 1637 1394 1703 adverbio

228 1741 264 1806 da
279 1748 431 1824 mraaqmret
443 1745 452 1784 ¹
462 1745 501 1822 ²).
533 1742 607 1806 Natu
623 1743 764 1808 resalium
781 1763 800 1807 e
815 1763 830 1807 e
845 1763 861 1808 e
875 1743 997 1808 uarietas
1012 1743 1162 1808 nerrriuem
1174 1743 1312 1808 eliendet.
1339 1744 1395 1808 Est

227 1846 326 1930 itaque
341 1847 431 1911 aerio
446 1867 481 1910 er
498 1847 612 1910 dardano
628 1849 737 1914 roordis
752 1847 990 1913 dernoustraliais
1001 1849 1174 1931 composita,
1190 1849 1281 1912 altera
1293 1854 1395 1930 guttu-

227 1951 280 2015 raii
303 1953 392 2014 altura
408 1951 534 2027 deutali,
555 1969 609 2016 nee
623 1952 722 2038 inepte
737 1954 901 2039 consparari
917 1963 1015 2038 petest
1029 1973 1097 2016 etrm
1114 1963 1218 2018 nostro
1234 1953 1298 2016 ber
1312 1953 1354 2016 da
1369 1971 1393 2017 s.

227 2054 432 2120 herdamitl

314 2159 395 2220 idem
411 2158 482 2221 illud
498 2178 537 2222 ee
552 2159 815 2222 demonstrativum
831 2179 919 2222 nemo
935 2178 997 2222 tren
1009 2158 1141 2240 agnoscit
1154 2159 1242 2222 etiem
1255 2159 1284 2222 in
1297 2179 1395 2236 eoae,

156 2311 159 2316 .
230 2281 316 2343 quam
333 2263 464 2326 roeulam
480 2263 617 2344 equidem
631 2280 691 2325 uon
703 2263 898 2346 compositam
911 2283 946 2325 ex
956 2263 1068 2326 ‹lsralms
1083 2283 1122 2325 ee
1136 2273 1167 2326 et
1182 2283 1235 2337 ee,
1250 2272 1311 2339 md,
1326 2284 1394 2327 erum

229 2364 355 2440 liundio,
375 2363 499 2428 Turseli.
523 2365 559 2427 ΙΙ.
581 2385 610 2448 p.
627 2364 699 2441 342,
714 2383 756 2430 en
779 2375 809 2428 et
823 2385 880 2438 ee,
904 2366 957 2429 sed
979 2367 1051 2430 nihii
1072 2367 1150 2430 aliud
1166 2387 1231 2428 esse
1247 2367 1394 2442 existimo,

231 2489 320 2552 quom
346 2489 384 2532 ce
410 2468 574 2552 protbetica
599 2468 692 2532 roeuii
713 2489 729 2531 e
751 2471 940 2550 auotrrm¹³),
964 2469 1215 2552 quemadmodum
1231 2491 1259 2533 e.
1276 2489 1301 2532 c.
1317 2470 1394 2553 opud

232 2585 434 2600 ψ

299 2639 340 2702 li)
358 2637 478 2692 Veterum
496 2640 714 2707 prauamalionrum
731 2641 762 2694 dr
779 2642 856 2694 aedo
874 2647 901 2696 et
918 2649 999 2694 nette
1019 2640 1162 2694 testimonio
1180 2639 1288 2694 eoiioeta
1308 2649 1394 2695 auoto

230 2725 311 2780 Nauio
329 2726 353 2780 in
372 2727 484 2780 libendo
501 2727 616 2794 anaiaqaiu
634 2727 834 2794 (limoneuirbrol
852 2747 874 2798 p.
893 2731 952 2784 tarr.
983 2729 1046 2782 blira
1065 2730 1184 2798 rprnednm
1197 2729 1227 2782 de
1240 2729 1327 2796 endu,
1345 2747 1394 2783 nou

232 2829 277 2882 pro
295 2815 445 2882 iauperatiru
462 2817 506 2868 sed
525 2833 570 2884 pro
591 2817 723 2870 imlieotivi
741 2833 848 2884 persensa
863 2817 942 2884 prima
956 2818 1077 2880 babendo,
1090 2826 1117 2869 et
1128 2817 1159 2870 de
1171 2833 1247 2870 eausa
1260 2825 1394 2884 erarraptno

232 2903 326 2970 primae
342 2902 470 2973 syllabae,
487 2905 546 2956 niiua
560 2921 598 2956 nara
610 2903 696 2971 legere
709 2905 807 2956 uraruini
821 2906 845 2957 io
858 2906 932 2958 lnbu.
945 2905 1034 2958 bonai.
1049 2903 1135 2974 pbiioi.
1148 2912 1175 2957 et
1187 2905 1259 2971 paeri.
1272 2906 1393 2976 supplem.

187 2983 191 2992 '
232 2988 272 3042 i'i.
286 2999 351 3051 laon.
367 2991 442 3050 turm
455 3008 478 3060 p.
492 2991 537 3043 bii
553 3008 616 3060 qnae
630 2990 728 3044 referre
740 3001 784 3044 aut
797 2991 910 3045 refutare
923 2993 999 3059 piget.
1112 3027 1116 3034 -

301 3075 342 3138 tut
361 3079 477 3130 Celerum
490 3095 522 3130 ex
534 3081 619 3132 eudem
632 3081 678 3132 bae
692 3080 774 3146 stirpe
786 3079 862 3131 etiam
876 3080 957 3146 ipsum
968 3079 1029 3131 iliud
1040 3077 1143 3130 verbum
1152 3074 1258 3147 δίδωμι
1271 3079 1323 3144 tio,
1334 3078 1395 3130 mihi

231 3171 313 3216 ortana
326 3164 407 3218 rideri
419 3167 510 3219 dudum
523 3167 575 3220 disi
588 3167 613 3220 iu
627 3165 730 3219 ilueieri
742 3164 842 3236 sylloge
856 3163 873 3218 Ι.
889 3183 911 3235 p.
925 3169 984 3217 251.
998 3174 1023 3218 et
1036 3167 1067 3216 de
1081 3172 1157 3232 psalt.
1171 3181 1209 3217 nr.
1224 3180 1247 3231 p.
1261 3166 1302 3216 ab.
1327 3164 1396 3217 ludi·

230 3251 286 3303 eleru
301 3247 375 3316 daim,
392 3250 503 3318 ddum,
520 3249 647 3306 dulciores
665 3253 778 3307 derivari
791 3260 924 3319 poterunt,
940 3253 1088 3320 eademque,
1106 3253 1149 3304 aed
1162 3269 1216 3304 eom
1230 3251 1395 3320 aspiratione,

231 3347 365 3405 cognatae,
383 3339 444 3392 lieet
461 3347 533 3392 eertn
550 3340 621 3392 modu
638 3341 752 3392 detleane
768 3339 962 3406 significationis
975 3340 1078 3392 rerbuur
1092 3339 1189 3408 peperit
1201 3339 1342 3392 dadbami
1356 3341 1396 3392 ri·

231 3429 318 3495 dqprr,
334 3427 541 3494 agnoscendaque
553 3436 593 3479 est
604 3427 679 3479 etiam
693 3427 717 3478 in
730 3427 909 3479 terminatione
921 3427 1074 3479 nonistorum
1088 3425 1246 3492 passivorum
1259 3432 1322 3492 θην.
1346 3426 1395 3478 sm

231 3510 295 3564 base
311 3513 457 3564 accuratius
474 3513 590 3582 persequi
608 3530 656 3566 nou
670 3521 711 3566 est
722 3513 795 3566 buius
807 3513 865 3566 ioei.
878 3511 917 3567 Gi.
931 3513 1008 3582 bopp.
1020 3513 1099 3580 gloss.
1112 3513 1129 3564 i.
1143 3527 1168 3564 v.
1181 3513 1239 3564 (iba
1252 3519 1278 3565 et
1289 3528 1395 3579 gramm.

233 3597 421 3668 temptent.

304 3685 345 3750 tt)
364 3683 526 3751 Gieasologls
539 3687 642 3750 nostris,
654 3685 744 3756 quibus
757 3685 912 3754 propositum
925 3692 966 3738 est
980 3685 1005 3738 ia
1015 3699 1106 3751 genera
1117 3692 1144 3737 et
1153 3683 1231 3737 latina
1240 3683 1325 3752 lingua
1335 3681 1395 3736 nibli

234 3787 283 3824 aea
294 3787 327 3823 ea
340 3771 408 3824 india
422 3777 547 3840 repetere,
560 3769 668 3826 libenter
679 3773 849 3837 consedimus,
860 3780 889 3825 ut
901 3773 977 3825 etiarn
990 3774 1036 3824 boe
1050 3789 1065 3824 a
1077 3771 1243 3841 protetiaieum
1256 3789 1271 3824 a
1285 3770 1399 3824 sanseri-

235 3857 288 3910 tieo
299 3875 316 3910 a
330 3859 388 3911 item
402 3859 544 3926 prothetieo
558 3867 640 3913 artum
653 3868 790 3922 autument,
808 3859 873 3928 quod
886 3861 983 3928 quidem
996 3874 1011 3911 a
1025 3858 1117 3928 Buppio
1129 3875 1168 3926 gr.
1180 3858 1206 3927 ᾖ.
1218 3859 1275 3912 tto.
1289 3875 1326 3927 aq.
1339 3873 1399 3926 pro·

234 3945 359 3998 nominum
377 3945 500 4016 stirpibus
516 3947 710 4013 adnumeratur,
727 3947 842 4000 nimirum
859 3947 917 4014 qula
931 3945 1120 4013 pronominibus
1132 3945 1288 4014 potissimum
1301 3953 1327 3998 et
1339 3961 1398 4013 pro·

235 4031 402 4085 aenaiaaliiuaa
420 4035 581 4100 praefigiturr
605 4051 660 4086 uam
678 4035 733 4102 ipsa
751 4034 899 4102 pronomina
916 4049 949 4084 ax
966 4051 996 4084 ao
1012 4049 1061 4084 non
1079 4033 1149 4084 bont.
1173 4031 1200 4086 ln
1217 4031 1296 4084 iatine
1313 4038 1398 4084 autent

234 4131 350 4170 arnone
366 4119 427 4172 iilud
445 4137 460 4170 a
475 4121 611 4172 secedente
627 4121 715 4173 littera
729 4119 810 4173 aasaii
824 4121 852 4172 ut
863 4135 899 4172 ea
912 4117 1045 4186 particula,
1059 4128 1087 4171 ut
1099 4118 1172 4186 quia
1184 4135 1217 4170 aa
1229 4119 1294 4186 qui,
1306 4119 1338 4169 rie
1350 4133 1399 4184 quo
1461 4155 1462 4160 ,

235 4217 311 4268 supra
323 4203 386 4258 dial.
411 4205 457 4259 list
469 4207 567 4274 quiden
580 4222 611 4259 eu
624 4207 813 4260 demonstrandi
826 4207 960 4274 partieris,
972 4205 1029 4272 pari
1040 4221 1097 4258 eum
1110 4221 1183 4258 eeee
1195 4221 1285 4257 seusu:
1296 4205 1342 4257 sed
1351 4204 1399 4255 boe

236 4302 311 4354 aeae
322 4307 368 4342 eur
379 4307 411 4344 ax
423 4309 497 4344 enee
510 4303 593 4346 ortum
606 4302 709 4360 putetur
721 4293 788 4346 nulia
802 4291 916 4361 proiecto
928 4308 1005 4344 eausa
1018 4301 1069 4345 eata
1087 4291 1162 4344 imme
1174 4291 1268 4355 obstat,
1281 4291 1347 4358 quod
1360 4288 1398 4342 sie

235 4381 419 4430 transmutatae
435 4379 531 4432 aasalis
542 4397 560 4432 sa
572 4379 597 4432 ia
609 4379 762 4446 guttur-alem
774 4396 788 4433 e
798 4377 869 4432 aliud
880 4381 1022 4447 exemplata
1034 4381 1059 4434 ia
1073 4379 1154 4433 latine
1165 4378 1267 4446 quirinus
1279 4391 1399 4431 seratam

236 4459 332 4514 salla·
343 4471 393 4530 ast,
404 4481 452 4533 qaa
463 4466 495 4518 ta
507 4481 537 4519 aa
547 4467 634 4520 atatlaa
645 4467 755 4521 sileatur.
