3182 4962
261 653 383 708 naturae
397 643 570 707 excederent
586 663 620 708 ac
634 644 859 725 perturbarent,
881 646 1091 730 utplurimum
1107 645 1162 709 diis
1176 643 1297 727 legitimi
1313 645 1426 712 ordinis

260 747 496 810 moderatoribus
518 747 666 810 asisersari
687 757 775 830 atquc
798 749 896 814 infesti
916 771 982 814 ease
998 750 1177 822 viderentur,
1203 749 1271 810 licet
1285 765 1425 812 corruun-

260 867 349 932 quam
372 849 460 911 etiarn
481 851 617 934 potestati
640 869 745 913 eorum
766 853 911 916 servirent
931 853 1121 936 imperiisque
1142 859 1288 934 parerent.
1324 851 1426 934 Neque

148 1005 153 1010 .
259 952 443 1024 mirabimur,
459 953 485 1015 si
501 953 670 1016 huiusmodi
687 957 799 1018 naturis
814 958 902 1020 etiam
918 957 1061 1020 honorem
1077 956 1227 1038 quendam
1242 953 1279 1016 ab
1294 954 1425 1017 homiui·

260 1055 316 1117 bus
331 1055 493 1118 exhibitum
510 1075 651 1138 sacrasque
667 1057 742 1120 iacta
758 1059 927 1136 uiderimus,
950 1059 1061 1124 scilieet
1076 1079 1135 1142 quo
1152 1058 1250 1122 minus
1266 1057 1323 1120 uisu
1339 1077 1424 1122 susm

260 1159 291 1222 in
306 1159 460 1222 bominum
476 1159 635 1241 persticiem
648 1171 829 1225 exercerent.
846 1163 1033 1244 Quamquam
1046 1181 1190 1245 perpauca
1208 1172 1322 1224 tantum
1338 1160 1426 1224 buius

260 1263 303 1326 rei
329 1262 446 1344 vestigia
473 1263 503 1326 in
531 1273 663 1326 ueterum
694 1267 895 1328 monumentis
927 1275 1040 1328 serrata
1065 1275 1146 1329 sunt.
1191 1265 1303 1327 llorum
1332 1282 1425 1328 uuum

261 1365 389 1429 maxime
404 1367 564 1430 obscurum
583 1366 652 1429 iliud
668 1377 723 1439 est,
739 1369 817 1448 quod
833 1387 870 1432 et
886 1368 1026 1432 fabulosis
1042 1370 1225 1431 Athenarum
1241 1367 1426 1448 antiquitati·

261 1471 317 1534 bus
328 1470 472 1533 retertur:
487 1469 590 1532 blinoie
606 1469 754 1533 Cretensis
775 1471 862 1545 bello,
878 1489 970 1554 quum
987 1471 1180 1534 Athenienses
1195 1472 1284 1534 etism
1300 1471 1378 1533 ianne
1394 1489 1428 1534 ac

262 1573 425 1656 pestilentia
449 1583 633 1648 vexarentur,
650 1574 757 1638 oraculi
775 1576 888 1640 monitu
905 1576 1060 1660 Hyacinthi
1078 1577 1150 1638 illias
1170 1577 1205 1640 ad
1223 1574 1354 1659 Geraesti
1370 1576 1427 1656 Gy·

261 1677 353 1758 clopis
368 1675 429 1739 sive
443 1694 525 1741 aram
541 1676 602 1740 eisc
617 1679 765 1742 tumulum
782 1679 949 1744 immolatas
969 1683 1101 1762 esse.²⁰p
1131 1679 1327 1762 Hyacinthum
1347 1677 1427 1742 eius·

262 1799 319 1862 que
336 1780 408 1844 biios
423 1779 573 1844 vernantis
590 1791 683 1845 terrae
695 1782 780 1846 dotes
791 1783 956 1865 sigsuibcsre
970 1785 1055 1850 facile
1070 1783 1228 1857 credimus,
1242 1801 1317 1866 quae
1333 1802 1427 1866 quum

262 1884 403 1948 Geraesto
417 1885 634 1960 mentiemur,
660 1885 802 1950 iniustum
825 1889 913 1952 buius
931 1907 1044 1952 numen
1058 1889 1259 1972 agnoscimus,
1285 1888 1369 1950 cuius
1386 1887 1429 1950 ira

261 2005 355 2071 quum
370 1987 469 2052 clades
483 1989 712 2054 Atheniensibus
728 1990 878 2056 isnnsissae
894 1991 1077 2066 viderentur,
1103 1991 1253 2054 sacriticiis
1272 2007 1341 2054 oum
1363 1990 1428 2074 pls·

263 2091 390 2156 candum
410 2109 475 2155 esse
496 2091 742 2156 admonebantur.
787 2095 920 2158 Geraesti
939 2098 1060 2159 nomine
1084 2095 1172 2158 etism
1188 2094 1428 2176 promontorium

263 2195 464 2279 oppidumque
480 2193 511 2257 iu
525 2194 643 2258 Euboea
658 2195 750 2260 iuissc
765 2207 870 2260 notum
893 2205 948 2272 est,
969 2199 999 2262 in
1019 2217 1109 2281 quarn
1124 2195 1249 2262 insulam
1262 2215 1358 2277 ,equum
1374 2195 1430 2260 ali·
1547 2231 1548 2237 κ

264 2298 381 2379 quaudo
396 2298 536 2381 Cyclopes
551 2320 583 2361 sc
598 2299 742 2382 recepisse
756 2299 902 2373 dicautur,
918 2301 1027 2364 horum
1043 2319 1137 2364 unum
1149 2299 1356 2382 promontorio
1373 2317 1429 2362 no·
1490 2347 1495 2358 .

263 2419 333 2465 meu
352 2401 468 2466 desiisse
490 2403 717 2486 haudquaquam
733 2402 927 2486 improbabile
941 2415 996 2468 est.
1025 2403 1128 2488 Neque
1150 2402 1248 2468 obstat
1266 2403 1336 2467 buia
1355 2421 1430 2467 oon·

263 2505 406 2581 iecturae,
432 2506 513 2589 quod
538 2527 555 2571 a
577 2507 727 2571 nonnullis
747 2508 921 2572 Geraestum
953 2509 1032 2574 huno
1053 2507 1216 2572 Euboicum
1237 2506 1317 2569 louis
1337 2507 1430 2570 tilium

263 2609 408 2674 creditam
423 2630 488 2674 csse
503 2611 688 2693 accepimusl
700 2617 743 2692 ¹):
759 2613 831 2676 nihil
845 2611 926 2676 enim
942 2613 972 2676 iu
987 2612 1094 2678 fabulis
1109 2610 1326 2694 magisterium
1342 2621 1431 2692 atque

263 2712 433 2776 inconstans
453 2733 518 2777 esse
540 2714 672 2778 videmus
693 2735 780 2798 quam
796 2717 995 2800 genealogias.
1021 2717 1163 2800 lotisque
1179 2726 1238 2780 hm
1255 2716 1312 2780 late
1328 2724 1431 2796 patens

264 2834 376 2879 numen
390 2835 425 2879 ac
439 2823 543 2882 ustura
557 2827 614 2893 est,
635 2829 668 2883 ut
683 2819 767 2884 iacile
781 2819 870 2884 etism
886 2820 1020 2904 Cyclopis
1035 2821 1124 2886 unius
1139 2830 1228 2905 atque
1243 2819 1363 2884 alterius
1378 2838 1432 2902 pa·

265 2937 333 2984 reus
348 2919 448 2983 haberi
463 2922 608 3003 potuerit,
629 2939 690 2986 uon
711 2923 809 2986 miuus
825 2943 914 3005 quam
929 2927 1021 2988 irater
1035 2925 1100 2989 eius
1115 2924 1285 3006 Neptunus,
1304 2923 1356 3006 qui
1371 2921 1432 2986 l'o·

267 3023 394 3106 lypbensi
409 3023 542 3106 Cyclopis
563 3035 646 3108 pater
670 3045 737 3088 esse
756 3025 916 3091 dicebatur.
947 3029 1044 3110 Atque
1064 3027 1154 3090 otiam
1174 3028 1348 3091 Geraestum
1368 3026 1432 3089 lor·
1533 3095 1535 3098 ,

204 3123 207 3128 ’
266 3135 342 3188 tasse
356 3125 393 3187 ab
408 3125 470 3188 aliis
486 3125 615 3208 Neptuni
630 3127 724 3190 filium
739 3128 873 3193 hobitum
889 3149 955 3194 esse
970 3130 1164 3211 colligarat)
1191 3129 1431 3212 quandoquidem
1540 3207 1541 3210 Ἴ

267 3225 353 3290 buius
368 3227 414 3290 dei
430 3227 584 3308 religiones
604 3228 634 3291 in
650 3231 792 3294 Geraesto
820 3233 1027 3316 promontorio
1048 3251 1118 3316 prae
1140 3231 1247 3295 octenis
1273 3233 1433 3293 celebratas

266 3349 330 3393 esse
344 3333 527 3406 mautat²⁸).
573 3330 674 3413 ipsum
695 3351 807 3398 nomeu
822 3328 1006 3417 Feqesoaric
1027 3335 1155 3399 honores
1171 3333 1242 3396 olim
1259 3331 1377 3416 Cyclopi
1391 3331 1433 3395 ub

266 3430 381 3496 habitos
395 3453 461 3497 esse
477 3439 612 3508 testetur,
628 3437 739 3520 quippe
753 3455 771 3501 a
786 3437 875 3502 serbo
890 3431 1033 3523 γεραΐζω
1047 3437 1205 3510 deflexum,
1223 3435 1303 3518 quod
1318 3434 1388 3500 licet
1403 3433 1433 3498 in

267 3535 475 3619 superstitibus
496 3537 610 3620 liuguae
634 3558 754 3624 graecae
780 3541 982 3606 monumentis
1008 3559 1069 3606 oon
1094 3538 1276 3617 inveniatur,
1302 3539 1431 3603 formam

267 3645 366 3704 tamen
381 3639 469 3706 babet
482 3663 604 3727 prorsus
620 3642 796 3727 legitimam,
820 3655 851 3708 et
869 3645 1122 3726 quemadmodum
1138 3637 1297 3727 ysqooso'e
1311 3661 1328 3706 a
1343 3641 1433 3707 serbo

267 3779 468 3796 m

338 3850 381 3918 tu)
399 3851 548 3922 Apollodor.
562 3851 603 3920 ΙΙΙ,
618 3853 658 3918 ib,
670 3853 694 3914 b,
707 3853 733 3904 t.
750 3847 791 3905 Gi.
804 3851 943 3905 &aeaut
957 3854 983 3906 io
993 3853 1084 3907 idaeae
1092 3851 1171 3906 libes.
1186 3850 1275 3906 mlvi
1285 3855 1354 3919 (aaa.
1368 3849 1433 3904 18³0

269 3955 293 4008 P·
305 3939 379 4078 ⁶³5„
398 4025 484 4092 Stspb.
498 4025 559 4096 Byr.
571 4041 593 4078 s.
606 4040 632 4078 v.
645 4021 805 4093 npesrreir.

337 4109 380 4172 ²2)
399 4109 470 4178 Quod
488 4109 602 4180 ileyaius
618 4111 650 4163 ad
663 4109 812 4178 Apollodor.
829 4110 847 4164 l.
859 4110 878 4163 l.
895 4109 1050 4178 astsptsss
1063 4111 1125 4183 Byr.
1142 4129 1164 4167 s.
1176 4129 1201 4166 v.
1215 4104 1436 4183 nsqassdnotsr

270 4193 420 4248 Garaeatan
431 4193 543 4262 Neptaai
555 4195 632 4248 liliosa
644 4197 837 4250 mnne-orari
848 4197 895 4261 ait,
907 4195 932 4248 la
945 4209 1035 4249 errare
1047 4204 1176 4250 scrutur.
1208 4197 1215 4214 ⁸

338 4279 381 4343 rs)
398 4279 482 4336 suas.
497 4279 521 4334 x
539 4297 562 4349 p.
577 4283 635 4360 ass.
668 4280 754 4351 seps.
772 4281 832 4351 sp.
847 4279 866 4335 t
879 4279 897 4333 t
909 4279 995 4336 senet
1009 4281 1078 4335 erm.
1091 4281 1134 4336 or.
1147 4280 1212 4352 xus,
1227 4283 1284 4337 ssa.
1313 4277 1346 4336 ct.
1358 4279 1386 4334 a.
1398 4277 1433 4334 r.

270 4362 405 4418 iisrnsaa.
418 4366 521 4436 Asthu.
533 4381 600 4420 sacr.
612 4365 636 4435 1.
650 4367 693 4434 db,
705 4365 731 4420 2
1111 4363 1113 4368 ’
