3266 4958
729 477 880 576 L

212 661 453 728 consideraverit
480 663 557 728 Nam
572 665 706 748 ροιοιτίι
721 668 799 732 varic
813 665 1008 730 transleratnr
1026 663 1182 747 utriusque
1201 666 1284 731 verbi
1301 685 1387 744 usus,

212 766 298 830 laciie
313 773 415 830 temen
425 765 527 830 omnia
541 785 557 830 a
569 767 715 849 primitiva
726 768 936 852 significatione
948 767 1072 832 derivari
1082 777 1218 851 possum,
1231 789 1307 852 quac
1319 771 1386 854 qui·

212 869 283 932 dem
298 869 344 934 sic
357 869 420 934 lere
434 869 599 935 delinienda
613 879 670 948 est,
685 881 718 936 ut
731 873 771 936 sit
781 872 800 936 i.
813 893 842 956 q.
855 891 920 936 rem
931 871 1060 955 aliquam
1075 873 1223 955 tangendo
1235 874 1280 937 vel
1295 874 1387 938 strin-
1429 895 1431 900 ⁴

212 971 323 1054 pendo,
337 972 482 1048 fricando,
497 974 629 1038 radendo
644 975 791 1040 ueletiam
808 975 960 1040 tundendo
976 976 1015 1040 its
1030 983 1164 1050 tractare,
1179 983 1223 1050 ut,
1238 975 1264 1039 si
1274 975 1387 1040 hocca·

212 1075 251 1138 tis
266 1073 321 1140 diu
335 1084 387 1140 aut
400 1077 592 1141 vehementer
606 1077 666 1154 liat,
680 1095 716 1142 ee
729 1096 778 1141 res
793 1078 931 1142 imminui
945 1086 1033 1160 atque
1048 1077 1157 1160 aliquid
1173 1079 1208 1144 dc
1224 1079 1389 1144 substantia

212 1196 269 1242 rua
283 1179 423 1243 amittere
437 1180 541 1262 possit
571 1179 648 1244 llinc
662 1188 793 1263 apparet,
809 1201 869 1265 quo
885 1182 949 1246 iure
963 1189 994 1245 et
1009 1183 1103 1246 eiam
1124 1191 1248 1247 terere
1262 1188 1293 1246 et
1308 1174 1389 1248 riddo

212 1282 344 1366 τρίβειν
361 1284 493 1348 dicatur:
518 1285 651 1367 itemque
670 1285 811 1348 usnslata
836 1286 899 1350 viae
924 1285 1114 1350 similitudine
1133 1286 1223 1349 etiem
1243 1295 1388 1370 tempus

213 1397 360 1466 terere,
374 1381 489 1472 χρόνον
502 1388 637 1472 τρίβειν,
659 1389 810 1453 autetiam
825 1389 901 1471 βίον
910 1388 1044 1473 τρίβειν.
1068 1388 1272 1472 Conpositum
1288 1398 1388 1454 autem

212 1485 380 1576 ἐκτρίβειν
393 1493 579 1557 llermannus
599 1491 630 1557 in
644 1493 703 1558 hoc
716 1493 796 1558 lonis
810 1509 898 1558 versu
912 1493 955 1558 sic
969 1492 1082 1556 dictum
1094 1511 1160 1556 esse
1178 1493 1286 1568 credit,
1303 1503 1337 1558 ut
1352 1493 1388 1559 in

212 1602 412 1660 aeternum
427 1597 621 1679 significetur:
637 1614 706 1661 nam
722 1596 897 1680 particulam
912 1597 949 1661 sd
965 1596 1054 1660 llncm
1070 1595 1185 1672 reterri,
1201 1597 1253 1680 qui
1263 1597 1388 1664 Atlantis

213 1700 311 1766 labori
326 1700 425 1765 nullus
439 1701 487 1766 cit.
518 1700 568 1765 Sic
577 1700 665 1764 etiam
682 1693 845 1787 ἐκτρίβειν
858 1701 932 1783 βίον
942 1700 1146 1784 accipiendum
1158 1720 1222 1765 ease
1236 1703 1314 1785 apud
1330 1705 1388 1767 sn-

213 1803 355 1888 plooclem
366 1803 439 1867 Ocd.
456 1803 491 1866 lt.
503 1823 530 1866 ι.
547 1801 619 1867 248.
651 1803 683 1866 ld
698 1805 771 1868 mihi
786 1823 872 1868 secus
886 1803 1011 1868 videtur.
1042 1804 1296 1888 praepositionem
1311 1805 1390 1870 illam

214 1906 247 1970 in
267 1905 444 1990 compositis
473 1923 689 1989 nonnunquam
715 1907 969 1970 continuationem
989 1907 1154 1989 significare
1173 1907 1250 1984 scio,
1274 1908 1390 1992 dicique

216 2007 254 2072 de
270 2007 396 2084 actium,
412 2026 487 2090 quae
503 2027 564 2072 non
579 2009 791 2074 intermittatur
805 2017 874 2074 ante
895 2029 986 2092 quam
1005 2011 1043 2073 ad
1063 2011 1154 2074 linem
1174 2011 1316 2094 perducta
1334 2013 1390 2090 sit3

216 2111 255 2174 dc
268 2121 390 2175 aeterna
406 2117 505 2175 sutem
520 2113 645 2186 actione,
661 2112 771 2196 quippo
786 2113 871 2177 cuius
885 2113 953 2178 linis
967 2113 1066 2177 nullus
1077 2113 1126 2189 cit,
1141 2133 1199 2198 qua
1211 2115 1324 2179 rationu
1334 2115 1391 2180 dici

134 2227 136 2230 ·
217 2213 327 2296 possit,
342 2213 415 2277 milti
429 2231 490 2278 non
504 2214 616 2296 liquere
629 2215 731 2279 fateor.
760 2215 862 2298 Neque
884 2217 961 2300 apud
982 2215 1177 2300 Sophoclem,
1192 2218 1244 2283 ubi
1266 2218 1390 2301 legimus

217 2308 424 2397 κατείχομαι
446 2311 484 2380 dl
504 2350 546 2364 -
568 2313 670 2382 κακον
693 2313 802 2395 κακῶς
828 2337 878 2380 νιν
905 2307 1031 2401 ὅμορον
1057 2311 1215 2404 ἐκτρῖψαι
1241 2319 1329 2402 βίον,
1354 2319 1391 2384 de
1502 2351 1503 2355 ¹

217 2429 340 2484 aeterne
355 2419 412 2483 rite
426 2419 546 2503 cogitari
561 2441 649 2504 porse
664 2431 795 2505 apparet.
818 2422 971 2485 Assentior
981 2422 1080 2504 itaque
1092 2423 1233 2496 Seidlem.
1249 2423 1301 2506 qui
1311 2423 1391 2507 apud

212 2521 318 2586 llernt.
334 2521 365 2585 in
389 2522 482 2605 preci.
504 2543 533 2606 p.
556 2523 610 2598 tv,
631 2525 822 2589 deterendi
840 2525 940 2607 potius
961 2523 1205 2608 significationem
1227 2527 1296 2591 huic
1323 2525 1389 2591 loeo

212 2634 316 2709 aptam
331 2615 396 2688 csse
410 2633 521 2689 censet.
542 2625 651 2691 Eadem
667 2627 839 2712 significatio
853 2636 902 2692 est
916 2647 942 2690 c.
957 2647 983 2692 o.
998 2629 1075 2712 apud
1091 2637 1242 2694 auctorem
1254 2630 1342 2694 libelli
1353 2630 1391 2694 de

85 2767 86 2770 =
212 2745 377 2814 puerorum
392 2727 575 2806 educatione,
591 2731 641 2814 qui
656 2731 687 2796 in
703 2730 887 2797 l’lutarchcis
902 2730 1017 2814 iegitur,
1033 2751 1097 2816 cop.
1113 2733 1148 2796 t:
1174 2730 1311 2820 σίδηρος
1331 2729 1391 2797 καί
1453 2795 1454 2799 ,

211 2826 337 2912 χαλκὸς
357 2832 430 2909 ταῖς
451 2825 600 2920 ἐπαφαῖς
621 2835 688 2900 τῶν
707 2831 825 2922 χειρῶν
847 2827 1041 2919 ἐκτρίβεται.
1071 2835 1172 2921 ltaque
1193 2839 1274 2902 Atlas
1296 2856 1390 2922 quum
1465 2919 1469 2930 q

81 2939 97 3008 “,
213 2935 291 3000 coeli
306 2935 409 3000 orbem
423 2937 557 3003 humeris
573 2940 636 3005 suis
656 2941 757 3006 aencis
778 2939 952 3024 impositum
971 2947 1110 3014 verset,
1131 2945 1166 3004 ut
1185 2951 1231 3006 est
1250 2943 1282 3006 in
1302 2941 1391 3007 Ennii

212 3057 304 3104 versu
316 3039 395 3122 apud
409 3039 536 3106 llacrob.
553 3042 614 3107 Sat.
636 3044 684 3120 vt,
704 3045 733 3120 l,
753 3053 805 3108 cut
824 3052 1015 3126 torqueat,
1035 3050 1070 3106 ut
1089 3043 1233 3125 Vergilius
1252 3046 1293 3108 ait
1311 3047 1385 3110 nen.

214 3143 293 3218 tut,
312 3141 381 3216 tao,
394 3143 457 3208 lieri
472 3162 533 3209 non
547 3155 646 3230 potest
660 3147 733 3230 quin
747 3166 827 3222 eum,
845 3154 949 3229 utpote
965 3155 995 3209 et
1009 3143 1108 3228 ipstim
1120 3145 1157 3208 ad
1168 3147 1243 3210 neris
1253 3156 1305 3212 aut
1315 3149 1386 3213 ferri

215 3251 311 3314 instar
327 3249 451 3323 dumm,
473 3249 669 3331 quamobrem
689 3249 777 3313 etiarn
795 3243 951 3333 σιδήρεος
967 3257 1019 3313 aut
1038 3242 1245 3327 πολύχαλκος
1269 3251 1384 3327 dicitur,
1440 3318 1441 3322 ,

216 3352 354 3416 nonnihil
369 3351 520 3437 paullatim
541 3351 664 3416 deterat
690 3351 758 3415 Non
777 3351 950 3416 absimiliter
969 3350 1091 3415 verbum
1114 3343 1276 3435 ἐκτρίβειν
1297 3354 1386 3416 etiam

216 3455 256 3518 dc
271 3453 307 3518 iis
322 3462 490 3537 usurpatur,
506 3453 557 3536 qui
571 3453 674 3516 unum
689 3454 892 3535 potentiomm
905 3454 1078 3538 frequenter
1091 3453 1228 3518 adeundo
1240 3455 1386 3536 quodam-

196 3555 309 3620 'modo
324 3557 475 3622 detentat:
488 3555 520 3620 hi
535 3555 615 3620 enim
637 3550 698 3632 τὰς
719 3551 827 3640 θύρας
847 3549 1010 3638 ἐκτρίβειν
1031 3555 1169 3620 dicuntur
1188 3563 1263 3620 teste
1278 3555 1387 3621 Eusta-

218 3657 283 3722 thio
298 3657 335 3722 ad
349 3657 404 3724 0d.
418 3657 507 3735 xvtt,
522 3656 596 3733 221,
610 3657 690 3722 unde
704 3657 783 3722 idern
798 3659 980 3734 Euanthius,
995 3660 1080 3743 epist.
1097 3657 1127 3723 8.
1142 3657 1179 3722 od
1190 3657 1387 3738 Comnenum,

218 3762 330 3845 opusc.
344 3781 375 3846 p.
389 3759 463 3837 att,
479 3760 531 3837 tt,
546 3760 719 3826 huiusmodi
738 3760 908 3846 trequentes
927 3762 1072 3828 aditiones
1092 3762 1181 3826 etiem
1203 3757 1316 3845 θυρῶν
1335 3753 1389 3825 ἐκ·

218 3857 337 3947 τριβάς
350 3863 432 3928 dixit
463 3862 650 3929 Noloautem
665 3863 850 3930 ttoimnm
870 3865 964 3930 istum
984 3865 1065 3930 verbi
1085 3883 1174 3930 usum
1195 3863 1269 3928 mihi
1288 3863 1389 3946 tragici

219 3966 368 4032 sonant·
382 3983 586 4050 personaeque
600 3967 716 4032 divione
732 3967 867 4051 dignitati
881 3967 1026 4032 nonsatis
1040 3965 1266 4032 accomodatum
1286 3964 1388 4043 videri,

220 4067 398 4151 mallemque
412 4067 583 4152 Euripidem
597 4088 634 4134 co
654 4067 880 4152 msunnoutp
910 4070 972 4134 Nec
990 4071 1092 4135 minus
1114 4069 1248 4154 displicet
1264 4069 1389 4134 verbum

222 4169 315 4233 θεῶν
327 4167 359 4233 in
372 4169 506 4235 ciusdem
520 4188 623 4236 versus
636 4179 667 4234 ct
687 4171 833 4256 principio
853 4179 884 4237 et
902 4173 984 4237 exitu
1000 4172 1151 4258 positum,
1171 4173 1256 4239 cuius
1274 4171 1390 4256 pencris

288 4317 315 4386 8)
325 4317 371 4373 dic
385 4319 462 4374 eun
477 4318 652 4375 wetststtu
666 4322 780 4377 κειτίττε
797 4323 910 4388 vilmar,
925 4323 968 4394 qul
990 4332 1128 4392 prepterea
1139 4321 1289 4396 impediam
1299 4321 1390 4390 reponi

222 4401 317 4542 ”¹³2⁰
325 4405 532 4472 μιείιτίιι
541 4405 616 4462 tun
632 4403 758 4480 ον’ρτκότ
769 4403 860 4480 &petr
869 4405 988 4481 ίριίίιιν
1002 4417 1045 4464 ert
1055 4411 1122 4480 cped
1137 4408 1293 4481 ΛετύρΙτι
1303 4407 1391 4463 Pron.
1509 4416 1512 4422 '

223 4501 250 4542 v.
317 4523 325 4543 .
