3266 4958
655 447 805 551 2⁹„

146 638 330 722 eandemque
349 639 527 704 metendam
548 659 619 704 mox
639 639 685 704 lais
708 637 806 704 uerbis
826 637 947 719 repetit:
968 658 1010 702 ex
1034 637 1155 701 tribus
1181 636 1315 720 primis

147 742 345 824 generibus
370 743 479 826 longe
503 751 674 828 praestat
704 760 782 807 mea
815 742 1002 805 sententia
1032 741 1190 824 regium,
1216 739 1315 820 regio

147 853 272 909 autem
288 845 360 930 ipsi
375 847 585 930 praestabit
598 848 649 923 id,
664 846 757 930 quod
772 853 829 910 ext
847 855 1047 928 aequatum
1067 853 1106 908 et
1126 853 1315 926 tempera·

147 956 224 1012 tum
239 970 281 1014 ea
295 950 416 1014 tribus
435 951 589 1034 optimis
610 951 665 1015 rei
686 949 856 1033 publicae
876 949 1063 1028 modis⁸⁶p
1090 947 1156 1010 Non
1175 966 1251 1029 opus
1270 954 1317 1010 est

147 1049 233 1133 plura
246 1055 350 1118 alleme
365 1055 396 1118 in
407 1055 533 1118 eandem
548 1054 727 1118 mumadam
742 1053 906 1135 disputata,
920 1052 972 1116 sed
987 1050 1076 1114 unius
1086 1059 1186 1114 tamm
1201 1068 1316 1122 eorum,

149 1153 246 1236 quiin
266 1155 312 1219 his
332 1155 413 1222 libris
432 1158 469 1220 de
488 1177 521 1221 re
541 1156 657 1240 publica
678 1156 881 1239 colloquentes
901 1155 1096 1230 inducuntur,
1117 1157 1169 1239 sp.
1184 1152 1318 1216 Mummii

148 1255 289 1322 iudicium
306 1263 541 1343 praetermittere
555 1262 706 1336 nolumus,
721 1261 773 1344 qui
794 1260 840 1324 rel
859 1279 995 1342 regnum,
1015 1259 1045 1322 b.
1064 1281 1092 1323 e.
1112 1264 1201 1327 unius
1221 1257 1319 1340 impe·

150 1361 239 1438 rium,
259 1383 292 1428 se
311 1365 398 1430 malle
419 1369 577 1450 profitetur
595 1385 685 1450 quam
709 1365 834 1430 liberum
854 1366 997 1448 populum
1014 1364 1075 1428 sire
1092 1363 1318 1428 democratiam:

149 1465 235 1549 eique
250 1469 349 1553 Scipio
364 1470 408 1534 sic
422 1471 597 1546 assentitur,
619 1478 671 1544 ut,
687 1469 821 1553 quamvis
835 1471 976 1553 populare
992 1469 1151 1552 imperium
1170 1469 1258 1531 etiam
1275 1465 1320 1530 le·

150 1568 218 1634 nius
232 1570 357 1637 lortasse
373 1591 463 1656 quam
478 1592 495 1637 a
509 1574 652 1639 llummio
669 1574 739 1639 lerri
758 1593 847 1658 posse
868 1582 1003 1649 moneat,
1024 1583 1125 1639 tamen
1145 1573 1260 1638 nullum
1280 1571 1317 1637 de

150 1675 244 1740 tribus
259 1675 314 1740 illis
328 1678 484 1761 generibus
498 1699 565 1744 esse
580 1679 731 1754 conrodat,
743 1678 824 1762 quod
838 1679 878 1742 sit
892 1677 1077 1762 probandum
1094 1679 1263 1758 minns⁸²p
1274 1710 1318 1724 -
1389 1755 1393 1762 ,

150 1779 200 1842 Sic
213 1779 302 1862 igitur
316 1792 430 1846 veteres
445 1783 485 1846 illi
499 1783 677 1857 iudicabant,
692 1801 754 1847 non
768 1785 904 1848 homines
918 1784 1037 1867 privati,
1058 1803 1121 1848 non
1140 1781 1319 1860 scholastici,

151 1899 213 1945 uon
227 1884 384 1948 umbratici
398 1885 544 1960 doctores,
558 1887 612 1950 sed
628 1886 775 1968 principes
794 1905 865 1950 suae
884 1887 927 1950 rel
946 1886 1079 1968 publicae
1100 1888 1131 1950 in
1150 1887 1212 1950 sole
1231 1896 1321 1968 atque

152 1986 271 2067 pulvere
284 1989 435 2052 exercitati
447 1989 602 2071 multoque
616 2007 718 2052 rerum
732 2007 789 2052 usu
804 1989 951 2062 instnxcti,
964 1989 1098 2072 quiquid
1110 2008 1243 2072 quaeque
1257 1990 1321 2052 lor·

153 2105 202 2152 ma
217 2089 259 2152 rei
273 2090 406 2172 publicae
421 2091 491 2156 boni
505 2111 540 2155 ac
554 2091 622 2155 mali
638 2092 761 2156 baberet
774 2110 835 2155 non
850 2091 1046 2175 praeiudicata
1060 2092 1188 2174 quadam
1199 2109 1255 2155 nec
1265 2089 1323 2154 nisi

152 2211 189 2256 ex
204 2193 286 2258 libris
300 2196 405 2260 hausta
420 2195 559 2278 opinione
574 2203 746 2272 statuerent,
760 2196 813 2260 sed
827 2195 1006 2279 experientia
1019 2195 1157 2276 magistra
1168 2195 1325 2276 cognovis-

153 2305 229 2360 sent
260 2298 380 2380 llosque
391 2317 498 2363 omnes
513 2299 544 2362 in
559 2319 595 2364 eo
609 2299 779 2382 conspirare
795 2297 940 2372 videmus,
955 2308 1007 2374 ut,
1028 2299 1054 2362 si
1069 2317 1128 2362 una
1141 2297 1265 2380 simplex
1280 2296 1324 2360 rei

154 2399 287 2480 publicae
302 2401 399 2465 iorma
411 2402 538 2484 optanda
550 2403 598 2474 sit,
615 2420 739 2484 regnum
754 2401 859 2465 ceteris
870 2401 1047 2483 praeierant,
1063 2402 1207 2484 optimam
1222 2409 1322 2462 autem

155 2501 280 2566 cirinus
294 2505 538 2568 comtitutionem
553 2524 619 2568 eam
635 2503 832 2576 coessentia
853 2523 910 2586 qua
931 2522 1055 2585 regnum
1075 2505 1115 2566 sit
1133 2501 1322 2586 optimatiu-

155 2605 345 2680 auctoxitato,
366 2607 467 2689 populi
488 2607 621 2670 libertate
642 2607 769 2672 mixtum
796 2617 826 2671 et
851 2616 1066 2689 temperatum:
1092 2607 1177 2670 cuius
1203 2606 1323 2688 quidem

157 2709 385 2790 temperamenti
400 2709 451 2791 qui
467 2709 574 2774 modus
588 2729 623 2775 ac
636 2713 711 2776 ratio
726 2711 775 2786 sit,
790 2721 822 2773 et
841 2720 959 2774 morene
977 2728 1016 2774 an
1035 2729 1121 2774 secus
1135 2710 1237 2774 Cicero
1257 2727 1323 2772 eam

89 2880 93 2888 ,
157 2810 346 2893 reipublicae
361 2813 500 2886 formam,
515 2832 589 2894 quae
605 2814 717 2877 llomee
736 2813 794 2878 luit
812 2812 954 2897 proximis
968 2823 1036 2878 ante
1057 2815 1225 2895 Scipionem
1245 2822 1324 2875 tem·

159 2913 294 2996 poribus,
311 2916 446 2978 omniurn
463 2917 575 2998 optime
600 2927 793 2999 temperatam
818 2917 910 2980 luisse
937 2915 1124 2998 pronuntiet,
1148 2934 1255 2996 magna
1279 2923 1326 2978 est

159 3017 302 3098 quaestio,
318 3018 371 3080 sed
384 3017 422 3080 ab
436 3018 494 3082 hoc
508 3019 574 3083 loeo
587 3019 691 3082 aliena.
711 3020 778 3082 Non
792 3019 872 3082 enim
883 3019 904 3082 il
914 3037 1030 3092 sumus,
1044 3019 1096 3100 qui
1107 3019 1235 3090 illorum,
1251 3034 1327 3097 quos

159 3118 250 3182 modo
265 3119 411 3195 diximus,
426 3121 659 3186 umbraticorum
679 3122 835 3184 doctorum
856 3122 1010 3204 exemplo,
1030 3119 1166 3184 idoneam
1185 3118 1271 3182 uobis
1291 3117 1328 3180 de

159 3219 330 3287 huiusmodi
345 3223 568 3307 quaestionibus
583 3223 760 3288 decernendi
774 3224 945 3290 laenitatem
959 3243 1143 3306 arrogemus.
1158 3222 1210 3287 sed
1226 3221 1328 3286 audire

160 3323 310 3390 malumus
325 3347 387 3402 eos,
402 3346 529 3409 quorum
545 3329 575 3394 in
589 3330 648 3394 boc
661 3347 768 3413 genere
784 3331 970 3414 prudentiam
986 3347 1044 3394 usu
1058 3345 1158 3392 rerum
1171 3337 1284 3410 partam
1299 3334 1330 3390 et

161 3429 373 3511 experimentis
388 3432 612 3512 comprobatam
628 3433 803 3509 viderimus,
826 3434 857 3496 ln
877 3433 985 3515 quibus
1004 3433 1077 3515 quin
1097 3432 1244 3495 veteribus
1265 3430 1330 3504 illis,

161 3550 290 3614 quonam
306 3533 467 3597 mutentiax
481 3535 798 3612 commemoravimus,
819 3537 995 3620 praecipuus
1010 3535 1130 3618 quidam
1147 3532 1230 3598 locus
1254 3532 1330 3597 assi·

161 3635 294 3719 grandus
308 3635 347 3700 sit
360 3653 450 3702 nemo
465 3636 549 3702 lacile
563 3637 701 3721 ambigat.

247 3739 311 3804 lloc
324 3749 424 3804 antem
439 3749 573 3824 tempere
588 3750 740 3806 uteorum
761 3741 1007 3816 admoneremur,
1026 3741 1138 3805 laetum
1161 3749 1208 3804 est
1223 3739 1330 3822 llepis

162 3841 273 3907 unius
299 3842 430 3924 optimi
457 3843 616 3920 memoria,
643 3829 732 3926 quem
758 3863 852 3926 quum
877 3863 974 3926 nuper
996 3844 1141 3908 amissum
1168 3845 1330 3926 lugeamus,

162 3943 253 4008 subiit
277 3955 346 4008 ante
373 3946 472 4009 omnia
500 3964 603 4010 earum
629 3963 731 4010 rerum
752 3947 933 4019 recordatio,
953 3946 1061 4027 quibus
1081 3945 1192 4028 patriae
1210 3951 1331 4010 nostrae

162 4053 290 4123 statxun,
311 4047 522 4131 aliquantisper
539 4049 637 4131 pravis
660 4048 883 4130 adrumetum,
896 4049 1052 4112 bominum
1078 4049 1232 4112 conatibus
1250 4048 1333 4112 labe·

163 4135 315 4226 factatum,
327 4151 438 4234 eripere
458 4157 488 4214 et
507 4153 617 4216 certius
637 4169 672 4216 ac
690 4151 824 4216 stabilius
843 4151 875 4216 in
894 4157 1047 4234 posterum
1067 4151 1192 4214 lundare
1211 4153 1334 4216 annisus

164 4263 221 4330 eat,
235 4275 271 4320 ea
284 4254 329 4319 rei
342 4253 477 4337 publicae
491 4253 589 4320 lorma
602 4253 772 4332 condenda,
788 4273 863 4338 quae
877 4255 914 4320 ad
928 4254 1132 4338 illam,quam
1145 4255 1347 4336 comentieus

233 4458 468 4531 annessae.
771 4457 816 4525 ιι)
827 4457 864 4513 n.
875 4455 1112 4606 maciensi
1116 4459 1165 4578 ⁸rr.
