3186 4958
602 380 605 399 ·
639 385 791 484 ,οε-

136 601 153 644 ε
171 579 315 665 Sopboele
330 579 442 644 dictum
457 597 522 642 esso
536 577 596 641 iam
617 575 666 641 alii
688 585 880 644 monuerunt.
896 599 913 638 e
929 577 1049 640 stobae.
1067 579 1130 640 lter.
1146 573 1247 648 xvttt,
1276 577 1302 638 t.
1417 664 1420 668 ι

139 685 195 748 l’ro
214 673 298 758 τάδ’,
314 683 394 766 quod
409 683 439 748 in
454 680 603 748 codicibus
618 691 673 746 est
688 670 766 761 τάχ’
780 681 986 766 reponendum
1002 701 1067 745 esse
1082 679 1130 744 six
1145 678 1303 764 quisquam

138 787 263 870 negabit.

225 893 255 956 ll.
282 893 360 956 ltltltl
380 893 491 972 (lunt)
506 891 530 956 si
552 889 685 955 librarios
702 891 839 956 audimus
862 891 1023 956 Cassandra
1044 889 1167 953 clerorum
1184 889 1302 954 amda-

140 1017 205 1062 r'tun
221 1005 304 1060 locat
386 1015 390 1024 ·

337 1089 455 1182 α’νδρδς
475 1093 622 1186 σφάγιον
643 1097 699 1164 καὶ
722 1093 827 1164 atde»
849 1092 1031 1183 ῥανενζρνον.

140 1207 171 1268 ln
187 1205 233 1268 bis
247 1197 392 1290 opaipror
406 1203 526 1288 quidem
542 1205 572 1268 in
587 1205 747 1290 σφαγεῖον
761 1205 935 1268 rnrrtamlnm
951 1221 1015 1266 esse
1032 1202 1161 1288 plerique
1177 1220 1304 1266 consen·

140 1309 225 1386 liunt,
241 1327 301 1373 non
321 1328 410 1374 serua
432 1317 547 1373 tantum
567 1308 619 1372 sed
642 1303 731 1373 etiam
753 1319 849 1372 rnetm
870 1307 1067 1393 corruptelam
1089 1317 1245 1390 unguenta
1267 1308 1304 1372 δν
1337 1363 1340 1370 ,

140 1413 294 1498 postremis
309 1425 409 1477 autern
423 1412 538 1476 duobus
554 1411 648 1476 uerbis
662 1413 732 1496 qnid
744 1412 911 1478 laciomlnm
924 1411 963 1476 sit
976 1429 1079 1492 taragna
1091 1421 1138 1475 est
1149 1411 1304 1475 elissemid.

139 1512 249 1581 lle'doe
270 1519 306 1582 do
322 1517 412 1582 domo
426 1517 537 1582 «lictum
555 1517 660 1582 raserito
675 1519 804 1594 ollbradit,
823 1538 877 1582 areo
900 1517 997 1580 arlinus
1017 1507 1204 1601 ῥαντνῙρνον,
1224 1515 1303 1600 quod

139 1622 198 1684 siro
213 1623 279 1704 quis
294 1623 330 1686 alo
347 1623 495 1688 lustranda
510 1623 600 1686 elorrao
623 1621 684 1685 sire
706 1623 741 1685 ale
765 1622 916 1705 inquinata
937 1631 968 1684 et
988 1621 1129 1702 sanguine
1147 1637 1304 1705 compensa

139 1725 260 1808 cogitet,
285 1728 400 1811 passivo
420 1745 510 1791 sensu
531 1726 732 1808 accipiendum
755 1728 812 1790 erit
832 1737 933 1790 cotnra
951 1725 1113 1806 analogiam
1135 1723 1306 1789 huiusmodi
1412 1717 1416 1724 ’

139 1831 313 1894 lormarmn.
344 1834 473 1896 elotiram
491 1831 579 1912 igilur
592 1831 834 1912 signilieationem
846 1831 1031 1894 llerrnaunus
1042 1835 1176 1891 statuens
1187 1828 1306 1912 scripsit

139 1927 194 1993 καὶ
218 1926 317 1994 recidor
339 1926 522 2016 ρανεήριον,
550 1933 638 2016 idque
668 1936 826 1998 convertit:
857 1933 930 1997 riri
960 1931 1172 2011 sanguinem
1202 1930 1307 1994 haarni

142 2033 379 2116 profundens,
404 2035 574 2108 coniuncto,
602 2035 714 2118 irupnit,
734 2029 907 2120 descriptor
929 2053 997 2098 curn
1018 2025 1140 2115 α’νδρός
1159 2053 1252 2114 aeque
1272 2043 1309 2098 ut

139 2137 308 2222 σφαγεῖον.
346 2137 437 2220 bingis
462 2136 602 2203 disertam
628 2139 777 2222 sanguinis
799 2139 980 2202 mentionem
1001 2137 1154 2220 requirens
1175 2137 1308 2219 rogerus

141 2233 414 2328 poroppnerp‘orm·
436 2243 547 2326 posuit,
568 2241 714 2326 sirnulqoo
745 2233 1024 2326 ἀνδροσφαγεῖον,
1046 2241 1081 2302 ab
1103 2239 1166 2303 aliia
1189 2259 1309 2325 alnoque

140 2345 391 2414 commendatum,
408 2355 572 2430 propterea,
590 2347 703 2432 opinor,
721 2347 799 2428 rpuod
815 2365 876 2410 non
890 2345 927 2409 de
943 2344 1030 2408 unius
1042 2353 1158 2408 tantum
1169 2344 1223 2408 riri
1237 2362 1309 2408 ran·

142 2449 231 2532 guina
246 2447 432 2530 cogitandum
448 2471 514 2514 esso
530 2451 692 2515 crederent.
720 2451 794 2515 Nolo
810 2459 975 2515 mle-rorum
997 2449 1181 2514 coniecturas
1199 2450 1309 2514 relerra

140 2552 211 2614 salis
235 2552 388 2634 diligenter
413 2553 444 2616 in
471 2555 576 2636 Engeri
602 2555 791 2618 annotatione
814 2563 1072 2617 nonrrnemoratas.
1106 2552 1149 2616 ml
1170 2553 1306 2618 codicum

142 2656 297 2718 lectionem
316 2657 447 2740 primiore
463 2657 575 2721 accedit
589 2659 669 2739 ‹puorl
685 2657 758 2720 milri
773 2657 803 2720 in
820 2666 953 2720 salomem
970 2657 1058 2728 verrit,

341 2752 464 2842 α’νδρδς
486 2762 646 2844 σφαγεῖον
669 2755 727 2823 καὶ
750 2755 863 2822 πεδῶν
884 2753 1079 2844 ῥαιστήρων,

141 2881 216 2943 (puae
239 2861 324 2924 rerba
344 2862 380 2924 ud
396 2863 554 2926 instantem
577 2863 806 2946 bgarrremnonis
826 2862 946 2926 caedem
969 2861 1116 2944 pertinere
1138 2877 1226 2923 nemo
1247 2877 1308 2924 non

142 2965 292 3046 intelliget.
313 2965 387 3028 Nam
403 2956 517 3050 ἄνδρα,
532 2967 582 3030 ubi
599 2967 740 3030 dedomo
756 2987 856 3030 sernro
872 2976 927 3038 est,
943 2983 1003 3028 non
1018 2973 1118 3046 potest
1134 2963 1190 3026 nisi
1205 2963 1242 3025 de
1252 2963 1308 3026 do·

142 3067 224 3130 nrirro
239 3067 302 3129 eim
317 3069 424 3132 donnus
439 3070 539 3154 amipi.
568 3067 690 3132 Πεδοῖν
703 3071 740 3132 ab
756 3071 898 3151 ,tesonpo
914 3070 1018 3132 iisdem
1040 3069 1143 3132 litteris
1163 3067 1308 3152 scriptum
1332 3093 1334 3098 ¹

141 3169 198 3232 luit
212 3179 301 3252 alque
317 3163 432 3246 πέδον,
448 3173 582 3235 nondum
600 3189 656 3234 usn
670 3181 788 3256 recepta
802 3173 899 3235 littora
914 3193 941 3234 ον
956 3190 1052 3253 noque
1067 3171 1193 3233 intentis
1204 3189 1309 3234 acoen-

143 3283 226 3335 tnum
249 3272 349 3353 signis.
382 3273 445 3336 lleu
471 3273 559 3356 igitur
572 3275 807 3339 describentibus
822 3293 953 3338 errorem
975 3273 1082 3338 iniecit.
1111 3263 1311 3358 ‘Purrrp'orar

142 3373 269 3455 «lenique
285 3383 315 3436 et
330 3369 505 3458 ρανεήριον
527 3394 584 3440 una
600 3383 716 3440 tantum
733 3377 860 3440 litterula
876 3377 997 3442 distant.
1026 3371 1138 3452 Πέδας
1148 3376 1310 3440 Cassandra

143 3477 301 3539 vaticinans
317 3495 378 3539 non
394 3477 492 3559 inepte
508 3479 628 3560 peplum
644 3479 726 3543 illum
750 3481 845 3542 elicere
866 3482 979 3564 potuit,
999 3500 1060 3564 quo
1080 3481 1312 3562 Clytaemnestra

143 3580 238 3642 vimm
253 3588 394 3659 nunquam
410 3579 532 3643 uinculis
547 3580 744 3644 constrictum
760 3591 831 3656 erat,
848 3585 1100 3664 ‹pueraradmodum
1123 3581 1204 3646 idem
1222 3601 1310 3646 roca·

144 3683 245 3745 bulum
261 3689 422 3764 usurpatur
436 3681 566 3764 Choepb.
584 3701 610 3744 ν.
627 3681 689 3744 493
704 3691 734 3745 ct
754 3702 780 3744 o.
802 3683 880 3758 982,
901 3685 979 3765 apud
1001 3684 1179 3768 Sophoclem
1198 3693 1310 3758 aulem,

49 3813 51 3818 ·
143 3785 278 3850 Trachin.
301 3804 328 3845 v.
353 3784 443 3858 1057,
464 3783 500 3847 de
522 3791 603 3849 reste
624 3785 710 3848 Nessi
729 3803 835 3849 cruore
856 3785 1057 3869 iubamque
1078 3786 1215 3848 llerculea
1234 3802 1311 3850 con-

143 3888 263 3953 strictus
278 3887 415 3970 expedire
430 3907 463 3950 re
478 3887 628 3970 nequibat,
644 3878 806 3972 δφραστῳ
827 3884 908 3972 τῇδε
927 3883 1106 3971 χειρωθεὶς
1120 3883 1223 3974 πέδρ.
1251 3887 1312 3954 Neu

143 4001 243 4076 inepte
257 3991 373 4062 domur,
389 3990 420 4052 io
431 4007 489 4072 qua
500 3990 557 4054 boc
568 3989 856 4070 viuculommgouua
866 3991 1080 4082 rlgamernnooi
1091 4001 1226 4074 paratmn
1238 3999 1311 4066 erat,

145 4087 331 4181 ρανεεήρισν
344 4099 411 4175 (pro
426 4085 652 4176 ἐργαστήριον)
667 4091 723 4155 dici
739 4091 845 4175 potuit,
861 4095 1033 4157 nouaclum
1050 4095 1117 4176 quia
1137 4094 1313 4160 constabant

102 4249 106 4258 .
144 4218 178 4263 ea
193 4197 308 4261 uincula
322 4195 418 4278 peplo,
433 4193 484 4276 qui
499 4193 670 4258 consuendo
684 4193 883 4258 conficiendos
898 4195 1004 4272 luerat,
1019 4197 1071 4260 sed
1087 4196 1177 4260 eliam
1194 4198 1263 4280 quia
1280 4199 1312 4264 in

145 4299 235 4366 serbo
257 4289 399 4382 ῥάπτειν
412 4297 491 4362 baud
504 4313 573 4364 raro
593 4297 681 4362 otiam
702 4297 820 4361 dolosae
840 4307 870 4382 et
889 4299 1065 4364 artificiosae
1086 4300 1312 4368 machinationis

145 4399 316 4486 significatio
333 4399 418 4463 ineat
