3166 4962
567 490 568 494 ψ
658 443 809 547 ...05-

29 657 30 700 ;
150 629 578 720 προυπόκειμονανοοοηωο,
593 647 627 702 01
642 659 670 722 p.
680 638 754 716 530,
768 635 820 700 23.
847 635 890 698 10.
905 633 987 697 dien.
1002 653 1032 717 p.
1042 631 1092 708 35,
1108 629 1159 694 35.
1174 628 1309 694 Eustatb.

149 739 412 820 noemma

235 841 268 903 P.
285 843 357 920 551,
373 845 410 906 9:
442 839 529 926 πρός
551 829 603 920 οἶς
622 834 766 925 ὑπάρχει
782 833 801 926 ή
817 830 898 922 αδτή
913 831 1068 915 οόποξις
1081 835 1142 898 τοῦ
1156 825 1314 898 dardeis·

149 937 194 1004 τδ
218 932 397 1027 ὑπόδρα,
418 935 464 1020 oie
483 935 681 1029 ἀμφοτέρων
699 944 765 1007 ταῖν
784 935 938 1027 ῥημάτων
957 937 996 1003 τό
1016 931 1097 1002 αὑτό
1117 932 1314 1022 δηλούντων.

151 1043 346 1106 80011100ου10
373 1041 496 1130 cetegi
520 1039 687 1132 ὑπόδρα
712 1037 814 1110 ἶδαόν.
859 1045 922 1106 lloe
947 1043 1028 1105 enim
1050 1041 1133 1113 dicit,
1159 1040 1315 1120 utriusque

151 1144 286 1209 dictionis
315 1137 448 1208 ὑπιόσόν
476 1155 506 1210 01
537 1139 673 1231 ὑπόδρα
701 1140 783 1212 ἰδών
816 1147 941 1208 candem
971 1142 1221 1207 constructionem
1250 1160 1314 1204 esse

151 1235 306 1330 propterca
321 1251 399 1330 quod
411 1250 514 1314 eadem
530 1251 684 1332 utriusque
699 1250 871 1332 significatio
886 1249 934 1310 sit.
963 1243 1056 1328 Πρός
1070 1231 1122 1322 οἷς
1140 1253 1187 1308 est
1201 1246 1218 1306 i.
1234 1263 1264 1326 q.
1279 1253 1316 1306 et

151 1357 356 1430 praeterea,
383 1353 634 1433 quemadmodum
656 1372 684 1435 p.
700 1353 773 1427 537,
790 1354 819 1414 3.
851 1351 991 1434 50515.
1025 1349 1165 1422 58511.
1198 1347 1271 1421 500,
1286 1345 1316 1408 0.

150 1451 276 1514 Additur
296 1453 377 1516 enim
399 1454 456 1518 hoe
477 1465 685 1538 argumentum
706 1455 751 1528 iis,
773 1473 849 1536 quae
869 1460 937 1517 ante
953 1449 1103 1536 proposita
1118 1459 1202 1512 erant
1215 1448 1251 1510 ad
1266 1466 1316 1510 rc·

150 1554 303 1618 lutandam
323 1575 427 1620 eorum
445 1559 632 1632 sententiam,
653 1557 704 1639 qui
719 1547 854 1640 ὑπόδρα
868 1555 1039 1618 adverbium
1060 1572 1125 1616 csse
1139 1559 1316 1634 negaverant

151 1676 187 1720 ex
210 1659 298 1721 verbo
318 1655 468 1744 101δρόω
489 1661 533 1725 rel
549 1654 654 1746 δόρκαν
674 1679 743 1724 eum
767 1659 986 1743 praepositione
1007 1657 1129 1720 lactum.
1179 1655 1223 1717 dd
1244 1653 1316 1716 bace

151 1759 239 1842 igitur
253 1773 426 1844 argumenta
441 1765 553 1828 accedit
567 1765 656 1828 ctiam
677 1763 748 1840 boc,
768 1763 847 1846 quod
863 1754 995 1844 ὑπόδρα
1011 1749 1092 1823 ἰδών
1105 1757 1209 1822 eodem
1226 1755 1316 1820 modo

151 1867 240 1946 alque
260 1855 393 1928 ὑπιδόν
412 1867 606 1942 construitur,
628 1865 740 1930 scilieet
759 1867 826 1948 quia
848 1865 950 1928 cadero
970 1861 1125 1944 utriusque
1144 1859 1316 1942 significatio

153 1975 208 2044 est,
224 1967 303 2030 unde
318 1979 453 2050 apertum
469 1971 511 2046 lit,
532 1970 591 2032 rim
607 1968 687 2032 verbi
703 1960 783 2032 idoa'v
797 1967 934 2031 adverbio
950 1957 1084 2048 ὑπόδρα
1098 1963 1197 2026 addito
1211 1961 1317 2026 simili·

152 2077 198 2131 tev
210 2070 378 2152 temperari,
395 2090 484 2152 quam
500 2071 525 2133 si
541 2080 739 2152 componatur
753 2090 820 2134 eum
837 2066 1054 2152 praepositione
1070 2057 1148 2129 ὑπό.

239 2171 271 2232 Ρ.
288 2169 361 2244 552,
377 2171 428 2235 32.
473 2171 608 2256 Disputat
622 2172 795 2256 llpollonius
814 2173 851 2234 de
867 2161 999 2256 visseim,
1022 2169 1102 2260 quod
1121 2168 1183 2232 aliis
1202 2167 1318 2252 proprie

155 2272 325 2334 adverbium
345 2293 411 2336 esse
427 2274 586 2350 videbatur,
607 2277 659 2340 scd
680 2284 802 2358 propter
815 2275 942 2338 lormam
958 2273 1048 2336 verbo
1067 2273 1195 2335 similem
1221 2263 1319 2344 (κατὰ

155 2370 374 2458 συνεκδρομήν
388 2369 544 2462 ῥήματος)
566 2379 602 2443 ab
617 2380 747 2443 llomero
763 2380 886 2460 aliisque
899 2378 988 2441 etiam
1004 2395 1058 2460 pcr
1070 2392 1214 2460 personas
1227 2373 1319 2436 dccli-

156 2485 270 2550 natum‚
290 2477 354 2540 aliis
368 2488 471 2543 contra
486 2480 584 2564 ipsum
601 2483 723 2547 verbum
738 2503 774 2547 ex
790 2475 937 2566 ὤφειλον
956 2482 1159 2545 decurtatum:
1187 2473 1243 2540 διδ
1261 2470 1319 2540 καὶ

154 2574 214 2664 τήν
232 2581 294 2642 aod
313 2571 558 2670 δπαρεμφότου
578 2579 731 2664 σύνταξιν
751 2579 785 2650 ἐν
804 2577 1076 2668 παραλλήλότήτι
1097 2572 1178 2644 αὑτό
1197 2571 1319 2664 τίθησι

155 2681 316 2752 (llomerus
334 2687 407 2765 scil.)
430 2687 479 2774 τῷ
498 2678 601 2751 cide.
632 2687 828 2751 scribendum
849 2691 895 2749 est
914 2680 1000 2748 κατὰ
1019 2679 1078 2769 τήν
1092 2683 1150 2747 τοῦ
1164 2673 1320 2765 ἀπαρεμ-

155 2778 263 2870 φότου
278 2781 438 2866 σύνταξιν,
451 2809 486 2854 00
500 2790 606 2854 deindo
617 2781 678 2854 οὑκ
692 2784 727 2854 ἐν
742 2782 1022 2874 παραλλήλότήτι.
1050 2788 1124 2850 llam
1140 2779 1175 2848 ἐν
1189 2781 1320 2867 παραλ-

155 2883 312 2975 λήλότητι
328 2891 400 2970 tsive
414 2885 452 2954 da
464 2887 687 2978 παραλλήλου)
704 2883 783 2956 aida
794 2901 824 2956 et
835 2883 957 2977 doctor
970 2890 1041 2973 poni
1056 2890 1075 2953 ii
1091 2897 1207 2954 tantum
1222 2888 1319 2950 dicere

156 3000 309 3071 poterant,
329 2992 437 3076 quibus
457 3003 618 3077 utrumque
637 2995 808 3058 adverbium
830 2994 948 3076 optandi
969 3013 1033 3056 csse
1052 2991 1221 3068 videbatur,
1241 2991 1320 3052 velut

156 3093 249 3156 schol.
264 3095 353 3158 brist.
367 3095 443 3159 Nulo.
459 3115 486 3159 v.
502 3097 660 3160 4000001.
676 3097 747 3160 Eur.
762 3096 837 3160 lllcd.
852 3116 879 3158 v.
900 3098 941 3172 l.;
957 3095 1129 3178 Apollonius
1143 3103 1242 3157 autern
1258 3093 1320 3174 ipse

156 3195 224 3258 alibi
239 3197 287 3274 (dc
303 3207 412 3261 constr.
428 3199 477 3275 lll,
498 3199 539 3263 23
553 3220 581 3284 p.
596 3199 669 3274 240,
691 3199 732 3262 23
746 3203 826 3282 sqq.)
847 3199 955 3262 hortum
975 3199 1152 3262 sententiam
1172 3195 1321 3280 improbat

157 3297 283 3380 ideoque
298 3299 349 3376 (ib.
365 3321 394 3383 p.
411 3301 485 3380 250,
500 3303 534 3382 2)
553 3301 639 3366 iatam
655 3295 931 3388 eropodlplo'apro
949 3302 1165 3382 agnoscendam
1185 3319 1251 3363 esse
1265 3316 1320 3362 ne·

155 3407 213 3481 gat.
257 3401 443 3483 Quamquam
458 3403 489 3466 10
503 3403 561 3469 huo
581 3405 618 3468 dc
633 3406 776 3469 adverbiis
791 3405 898 3482 libello,
918 3414 1015 3469 utram
1031 3403 1209 3468 sententiam
1224 3401 1321 3466 verio-

156 3519 219 3566 rem
235 3503 351 3583 iudieet,
367 3523 428 3569 000
442 3505 550 3570 diserto
564 3509 699 3591 exponit:
716 3527 811 3590 neque
826 3509 857 3571 10
871 3509 984 3587 lacuna,
999 3527 1073 3590 quae
1088 3527 1117 3590 p.
1129 3507 1203 3580 553,
1223 3507 1237 3568 1
1255 3525 1320 3568 ma·

156 3607 261 3672 0110010
282 3615 336 3682 est.
356 3608 430 3672 haec
446 3609 592 3694 expositio
612 3611 734 3693 periisse
753 3611 843 3675 videri
863 3620 969 3694 polest.
1013 3611 1089 3674 11010
1110 3609 1200 3674 etiam
1221 3610 1320 3693 paullo

156 3717 238 3794 pust,
259 3729 289 3792 p.
305 3712 383 3789 551,
407 3713 462 3787 10,
485 3713 654 3777 dubitanter
672 3714 811 3797 loquitur.
855 3715 908 3777 list
926 3723 1026 3778 autom
1046 3715 1136 3777 etiam
1156 3713 1246 3776 buius
1266 3710 1321 3776 loci

155 3811 300 3897 scripturo
321 3821 474 3897 eonupta,
494 3821 528 3878 ut
546 3817 632 3898 plone
649 3816 768 3900 intelligi
783 3827 926 3900 nequeat:
949 3811 1008 3881 καὶ
1021 3808 1067 3893 oie
1082 3809 1210 3902 ἔφαμεν
1223 3807 1260 3878 ἒν
1273 3808 1322 3900 τῷ

155 3907 282 4004 ὤφελον
302 3913 389 4003 πρός
408 3910 505 3982 ἐνίων
526 3915 611 3982 κατὰ
631 3917 850 4006 ουνεκδρομήν
869 3915 1036 4003 γεγονέναι
1057 3912 1204 4002 dripere:
1223 3910 1260 3982 b
1274 3919 1321 4004 api*

155 4011 273 4107 όφαλες
291 4013 337 4098 δα
355 4014 385 4086 ei
403 4017 450 4108 μή
470 4018 511 4086 τό
529 4013 672 4109 ὤφειλεν
689 4015 994 4108 ὑποαυγκέαοπται.
1024 4020 1183 4104 Scripsisse
1199 4021 1321 4102 1100110-

156 4123 239 4189 nium
255 4125 360 4189 credo:
382 4117 450 4202 noi,
473 4117 519 4204 ὥς
533 4117 669 4213 ἔφαμεν,
689 4123 729 4190 vd
745 4117 868 4214 ὄφελον
882 4119 1107 4210 [ὑπείληπται]
1126 4119 1214 4208 πρδς
1227 4115 1323 4187 ἐνίων

155 4221 241 4310 κατὰ
256 4223 479 4314 ουνοιδρομήν
493 4225 658 4314 γεγονέναι
673 4223 819 4316 ῥήματος
832 4223 867 4294 io
876 4229 926 4314 τῷ
940 4220 989 4305 oio
1004 4218 1146 4315 όφολις
1159 4227 1206 4304 (11.
1222 4225 1323 4302 Xlllll,

157 4329 208 4398 80.
231 4331 286 4396 00.
301 4331 408 4410 lxlv,
424 4331 494 4410 30),
517 4323 548 4398 αλ
566 4328 611 4418 μή
632 4329 674 4398 vd
695 4325 874 4421 ὤφοιλον
894 4325 1201 4415 ὑποοαγαίκοππαι.
1244 4331 1323 4397 llaec

155 4435 261 4504 0011000
275 4434 396 4518 intelligi
409 4443 538 4519 possunt
550 4443 582 4502 et
595 4436 673 4503 illius
687 4438 744 4504 loci
758 4437 908 4504 contextui
922 4436 1111 4504 conveniunt.
1124 4471 1169 4485 -
1183 4437 1218 4502 ln
1230 4455 1323 4521 supe·
1352 4511 1355 4516 ,
