3166 4962
146 664 207 711 non
223 646 347 711 omnino
360 643 479 722 dsistam,
494 645 571 710 haud
588 653 689 711 temen
704 665 741 709 ex
756 643 837 708 omni
852 651 935 726 parte
950 661 1052 707 rerum
1069 647 1123 705 est.
1147 640 1347 724 Usurpatur

143 751 263 835 quidem
279 769 339 816 non
351 751 480 824 rarosir,
496 761 529 815 ut
540 770 594 836 pro
606 771 642 815 eo
654 751 745 815 etiam
760 768 862 822 sane,
877 749 1065 834 proiecto,
1079 756 1180 812 certe
1192 745 1344 829 cogitari

142 856 239 940 possit
258 857 340 921 nudo
361 857 482 922 notabili
497 857 533 922 ad
548 874 670 920 sensum
686 854 872 930 discrimine3
894 873 990 936 nequo
1005 862 1105 916 tamen
1122 869 1245 934 semper
1264 851 1344 914 hoe

143 962 300 1026 commode
323 961 385 1025 deri
406 971 520 1045 potest,
543 981 598 1026 neo
613 962 729 1046 propria
745 968 775 1022 et
790 959 915 1042 genuina
931 958 1004 1020 bueo
1018 957 1184 1020 astirmandi
1200 957 1243 1019 ris
1261 965 1339 1032 est,

142 1065 194 1128 sed
210 1065 370 1130 adventicia
387 1065 608 1150 quodammodo
623 1075 653 1128 et
668 1085 702 1128 ox
718 1063 838 1148 proprio
849 1064 1013 1146 significatu
1024 1060 1191 1125 derivanda.
1218 1059 1339 1123 b'imi-

143 1187 210 1232 rum
226 1170 283 1234 uti
296 1171 465 1235 adverbium
478 1180 523 1233 est
536 1169 668 1242 modum,
685 1169 855 1254 ‹paralitatem
869 1168 1061 1250 habitumque
1073 1177 1102 1230 et
1114 1164 1337 1229 conditionem

144 1273 186 1337 rei
202 1273 368 1358 designans,
381 1295 448 1358 quo
460 1283 558 1338 auteur
571 1273 648 1338 bauo
658 1273 891 1355 designationem
904 1272 1085 1334 indetinitam
1097 1289 1164 1333 esse
1175 1268 1337 1343 ostendit,

146 1397 214 1442 cum
239 1379 334 1462 aliqua
355 1378 569 1442 distributionis
585 1377 849 1460 adsignittcatione,
872 1378 901 1440 b.
922 1397 948 1439 e.
970 1376 1060 1439 eitieit
1077 1383 1185 1438 utnon
1202 1373 1336 1436 «leuno

146 1482 274 1564 quodam
297 1483 401 1554 modo,
427 1481 544 1544 deuna
571 1481 698 1564 quudam
719 1483 913 1566 qualitatem
932 1481 1102 1545 conditione
1125 1477 1333 1560 cogitandum

146 1606 212 1649 esse
228 1585 440 1668 intelligamus,
456 1585 508 1646 sed
525 1584 561 1648 do
576 1585 688 1667 quavis,
704 1605 897 1670 quaecunque
913 1605 1031 1668 equoque
1050 1585 1183 1669 tempore
1203 1582 1332 1645 incide·

147 1689 195 1762 rit,
211 1690 295 1772 piano
316 1697 350 1750 ut
369 1689 398 1750 in
420 1687 579 1769 quisque
600 1707 660 1750 non
676 1708 754 1752 unus
769 1689 875 1772 aliquis
893 1691 993 1762 bermo,
1014 1689 1067 1751 sed
1083 1687 1215 1770 quidibet,
1231 1686 1331 1767 quis-

149 1790 215 1872 quis
230 1791 408 1872 quandoque
423 1789 471 1860 sit,
485 1789 514 1850 in
526 1807 546 1851 u
556 1808 574 1850 n
583 1791 694 1873 dique
707 1811 766 1854 non
780 1811 857 1854 unus
870 1794 960 1868 iocus,
973 1791 1024 1854 sed
1037 1789 1142 1874 quiris,
1155 1789 1328 1853 undeunde

150 1893 193 1955 eoi
215 1893 411 1973 unebuunquo
432 1890 541 1972 atiquid
561 1892 639 1954 exiro
660 1894 768 1974 possit,
791 1895 969 1976 designatur.
1007 1895 1043 1956 Et
1063 1893 1324 1976 quemadmodum

150 1996 185 2056 nd
202 1994 359 2076 quisque
377 2003 414 2056 et
434 1995 598 2075 undique
618 2015 651 2058 so
667 1995 775 2058 babent
796 1997 970 2080 quisquis
990 2004 1027 2058 et
1046 1995 1245 2058 undeunde
1272 1993 1326 2056 rel

151 2096 364 2179 quicunque
385 2103 415 2158 et
428 2096 691 2178 unetoounque,
706 2098 749 2160 sie
763 2099 852 2161 etiam
868 2099 904 2160 ad
920 2099 1048 2180 utique
1062 2118 1095 2160 se
1110 2097 1220 2159 babent
1234 2105 1326 2159 utut

151 2200 196 2264 rei
210 2207 406 2280 utcunque.
437 2200 550 2284 Nempe
565 2199 674 2262 aiterae
689 2200 802 2264 formae
818 2203 1009 2284 pierumque,
1030 2201 1097 2263 ticet
1114 2217 1174 2261 nan
1188 2217 1322 2280 semper,

151 2303 181 2365 in
202 2301 357 2364 bimembri
380 2303 582 2368 enuntiatione
598 2315 796 2385 usurpantur,
818 2303 1083 2385 membrorumque
1100 2303 1227 2365 duorum
1245 2319 1324 2364 con-

151 2407 306 2470 nexionem
327 2405 518 2487 syntactieam
535 2406 682 2478 obiciunt,
705 2407 769 2468 diae
789 2405 897 2469 aiterae
912 2418 1028 2479 autem,
1051 2406 1080 2468 in
1096 2405 1205 2488 quibus
1219 2405 1321 2468 sotum

151 2529 218 2592 quo
243 2509 376 2573 adtbtum
397 2517 458 2584 est,
484 2507 561 2574 intre
580 2509 669 2572 unius
689 2509 815 2572 mendari
836 2516 1017 2574 structuram
1038 2509 1239 2573 continuatur.
1269 2507 1322 2571 Sic
1426 2559 1430 2566 .

150 2615 238 2697 igitur
252 2613 503 2697 quemadmodum
520 2613 549 2676 in
564 2613 722 2677 bimembri
738 2613 870 2678 oratione
886 2615 993 2677 dicitur
1008 2623 1220 2696 „uteunque
1235 2612 1320 2686 erit,

151 2719 298 2782 iuvabit
318 2726 468 2782 tamew‘
490 2727 542 2782 aut
563 2727 676 2792 ,utut
690 2726 763 2790 est,
783 2719 939 2802 patiar“,
955 2719 998 2782 sie
1013 2719 1075 2801 pari
1090 2736 1181 2781 sensu
1197 2717 1227 2780 in
1242 2716 1319 2780 sim·

151 2821 218 2904 ptis-i
232 2821 435 2885 enitentiatione
450 2819 603 2904 „utiquo
620 2829 738 2885 tamen
754 2821 923 2886 iuvabit“
940 2831 992 2886 aut
1007 2821 1088 2906 utiq
1098 2841 1140 2884 ue
1156 2821 1317 2904 patiar0‘.

83 3005 85 3008 Ι
152 2925 213 2990 Nos
228 2927 286 2990 boo
299 2944 390 2990 seusu
405 2923 529 2988 dicimus
541 2924 756 3007 jedeutnlts,
774 2945 988 3011 nonnunquam
1004 2927 1093 2990 «etitem
1111 2927 1320 3008 atterdings

151 3032 182 3094 b.
198 3051 224 3094 e.
240 3031 343 3114 quaeis
364 3048 558 3112 quaeeunque
573 3029 610 3092 sit
626 3030 810 3106 conditione,
831 3033 874 3094 rel
889 3031 1109 3114 uniredingt,
1131 3041 1161 3094 ot
1176 3030 1322 3112 quemad·

152 3137 275 3200 modum
304 3137 378 3200 draeo
404 3134 541 3199 uocabula
571 3153 785 3216 saepenumero
811 3136 899 3199 etiam
921 3137 1119 3208 assereraudi,
1146 3135 1323 3210 aitirmendi,

153 3241 318 3307 incubandi
331 3241 389 3304 rim
402 3246 569 3304 assumunt.
584 3237 628 3301 sio
637 3239 727 3302 etiam
740 3238 810 3302 ibud
822 3239 969 3323 utique:
985 3257 1083 3322 neque
1096 3240 1172 3303 udus
1183 3249 1228 3302 est
1239 3241 1322 3302 iocus

152 3347 231 3430 apud
253 3363 433 3426 quemquam
453 3341 646 3425 scriptorem,
668 3342 774 3424 inquo
791 3361 850 3406 nou
865 3358 960 3406 unum
977 3343 1096 3406 diorum
1112 3343 1322 3407 vocabulorum

154 3451 185 3513 in
200 3447 400 3512 convertendo
415 3451 494 3508 reete
509 3445 643 3508 adbiberi
656 3446 758 3530 possit.
783 3446 868 3510 t'elut
880 3449 957 3530 apud
967 3447 1127 3510 i'arronem
1143 3448 1178 3510 n.
1194 3448 1229 3510 n.
1242 3447 1277 3522 ΙΙ,
1293 3449 1325 3524 d,

154 3552 211 3614 21:
234 3548 1323 3632 castranturverrescommodissimeanniculi,utiquene

154 3654 319 3717 minores
335 3669 440 3734 quam
456 3657 662 3712 semestres
677 3651 719 3726 (b.
735 3671 761 3714 e.
774 3652 983 3734 jedenteits
998 3652 1244 3736 niobtjt'mger
1257 3659 1323 3734 -).

153 3757 196 3820 lb.
213 3755 262 3828 ΙΙΙ,
285 3755 315 3833 7,
332 3755 368 3819 6:
384 3753 900 3838 columbaepropterputios,
916 3755 1324 3838 quosbabent,utique

153 3859 325 3924 redeunt:
342 3858 406 3935 (sie
421 3855 802 3938 kommenjedeniatis
817 3875 844 3918 r.
859 3857 1240 3938 unbedingtsurt'rob).
1262 3861 1324 3923 Cio.

153 3963 190 4028 de
205 3947 294 4026 divin.
309 3961 346 4035 li,
364 3959 415 4034 58,
437 3957 1325 4043 119:FabaPythagoreiutiqueabstinuere:(sio

154 4065 368 4129 enthielten
392 4061 475 4127 sich
501 4063 738 4126 dor'ltobnen
761 4063 968 4146 jedenialls
987 4083 1015 4126 r.
1036 4064 1266 4150 unbedtngut
1287 4068 1326 4132 de

136 4168 281 4255 republ.
299 4169 331 4243 V,
348 4166 378 4243 3,
398 4167 434 4230 5:
456 4165 584 4230 fontes
604 4167 751 4249 quidem
772 4187 896 4232 earum
917 4167 1049 4252 utique
1069 4171 1327 4254 perspexerit:

155 4272 226 4350 (die
241 4271 400 4346 Queilen
421 4288 522 4349 muas
544 4287 583 4332 er
599 4269 805 4352 jedentails
825 4272 994 4348 tenuent.
1024 4273 1129 4354 ilpsd
1144 4274 1232 4337 Attio.
1248 4273 1325 4350 xut,

154 4375 213 4437 22:
235 4373 325 4456 Ego,
346 4371 599 4445 utoonstitui,
619 4373 747 4450 odoros
767 4383 879 4458 atquo
894 4375 1037 4439 utinam
1054 4376 1235 4440 tuendem
1250 4377 1325 4440 die:

154 4476 215 4540 sin
235 4511 279 4524 -
298 4475 386 4560 quid
405 4473 503 4540 onim
523 4473 865 4560 multat-utique
886 4477 1087 4561 postridie:
1108 4478 1326 4562 bedeniaitr
