3186 4968
694 415 753 482 165

133 603 192 666 Pro
206 593 357 666 έκοέσιον
372 603 499 667 editores
515 593 673 667 οἷνοέσιον
684 605 873 668 ocriiendum
888 609 1066 666 censuerunt
1081 596 1125 661 rei
1141 617 1249 663 versun
1262 601 1306 664 ret

133 703 221 765 etiam
244 703 408 768 sententiae
432 721 535 779 cautae
555 699 741 789 deofoeoror
765 716 867 771 autem
883 713 962 768 recte
981 703 1094 764 dictum
1117 703 1308 766 crediderunt

132 805 169 866 de
181 805 249 868 uiris
270 806 375 869 mortio
391 805 553 887 pericnlum
569 809 722 874 subituris.
762 809 794 872 td
810 829 865 889 ego
884 805 1045 870 absurdum
1068 813 1156 888 puto:
1180 803 1307 868 debebat

132 907 235 968 taitem
251 902 473 985 δαναιμένοις
494 907 560 970 dici.
594 909 654 974 Nec
673 921 773 974 temen
790 909 916 992 amptius
935 906 1029 988 probo
1044 905 1123 986 quod
1143 905 1214 968 oiim
1235 925 1307 988 pro·

133 1008 218 1091 posui
235 998 394 1090 ἀνδράσιν
414 999 611 1086 docmina,
639 1013 691 1074 ted
703 1012 858 1095 scripsisse
873 1007 1046 1090 dnocbpinm
1062 1007 1198 1090 suspicor
1218 1002 1307 1090 διέρ-

131 1125 191 1184 σος
212 1099 365 1174 teodorae
388 1099 547 1194 ἀνδράσιν
569 1103 708 1176 diatonon
733 1105 886 1194 κομίζων.
920 1111 957 1172 Et
972 1103 1103 1190 θάρσος
1123 1109 1258 1190 quidem,
1279 1109 1306 1172 εἰ

132 1203 294 1287 έκοέσιον,
318 1213 452 1277 omnium
468 1213 603 1279 codicum
622 1217 788 1290 tectionem,
804 1215 992 1286 mtimnmne,
1007 1209 1095 1276 scribi
1110 1229 1230 1274 necesse
1245 1220 1302 1286 est,
1352 1206 1362 1221 '

132 1315 357 1399 repositumque
369 1317 491 1402 proinde
502 1318 772 1384 etiama'sriciinio
784 1319 815 1381 in
826 1316 1014 1382 cheeiano.
1038 1314 1190 1378 Sententia
1202 1323 1302 1378 antem

30 1451 33 1458 ·
133 1419 205 1482 baec
224 1429 279 1498 ott,
302 1429 336 1485 ut
357 1421 538 1504 Agamemno
559 1423 666 1487 militer
687 1423 822 1487 nolentes
838 1423 969 1485 redentor
987 1419 1138 1484 autlneimn
1151 1436 1304 1482 assumere

133 1523 264 1608 coegisse
291 1525 413 1590 dicatur.
447 1525 680 1602 Obversabatur,
709 1527 832 1610 opinor,
856 1525 1000 1608 Aeschylo
1020 1523 1211 1588 Homericum
1232 1521 1303 1587 iilud

131 1619 215 1690 iunia
236 1618 370 1692 α’έκοντέ
396 1648 432 1709 γε
453 1630 570 1714 aie-pepi:
591 1629 727 1694 codicum
747 1641 847 1694 autem
870 1629 1047 1712 scripturam
1063 1628 1107 1692 aio
1126 1633 1222 1692 ortam
1238 1645 1305 1692 eata

132 1730 319 1804 crediderim,
334 1741 367 1794 ut
382 1751 475 1814 quum
491 1733 574 1796 initio
590 1723 889 1816 α’νδρασινασκονσι
913 1733 1058 1814 scriptum
1073 1739 1161 1802 osma.
1176 1730 1272 1794 littera
1287 1749 1305 1792 ε

133 1834 163 1896 in
183 1851 204 1896 σ
223 1843 372 1919 corrupte,
395 1835 464 1898 bino
483 1835 554 1898 iabc
578 1835 764 1899 distinetione
784 1827 926 1920 ἀνδράσι
949 1829 1121 1912 eddanum,
1142 1853 1178 1896 ac
1197 1833 1265 1896 dein
1286 1851 1304 1895 a

133 1945 300 2000 correctore
315 1931 510 2010 δνδσκονσι,
523 1931 708 2022 ardoenna
724 1939 835 2002 tectum
850 1937 900 2002 eit

221 2039 253 2102 V.
271 2039 334 2102 995
350 2061 394 2122 sq.
411 2059 509 2104 reram
525 2041 681 2104 lectionem
697 2041 854 2104 bannense
870 2049 958 2125 putot

333 2137 507 2226 σπλάγχνα
529 2135 558 2208 d'
582 2134 675 2207 οέιοι
697 2136 807 2224 μα’σαν
835 2137 884 2221 ζεῖ
905 2137 991 2227 πρδς
1019 2133 1161 2216 ένδέκοις
1189 2133 1307 2226 φρεσὶν

337 2239 554 2331 τελεσφόροις
576 2238 685 2322 δι’ναις
707 2239 924 2326 κυκλούμενον
944 2239 1034 2326 κέαρ.

134 2343 310 2409 Subiectum
325 2355 373 2410 est
387 2342 478 2432 κέαρ,
501 2343 551 2426 ζεῖ
571 2355 670 2410 autem
687 2347 869 2412 tramitiram
885 2346 1127 2429 significationem
1142 2345 1248 2422 babet,
1269 2344 1307 2407 de

133 2465 191 2530 qua
207 2447 244 2511 ci.
261 2449 387 2514 Lobeck.
400 2451 446 2514 ad.
463 2451 494 2514 S.
516 2451 559 2514 di.
582 2471 612 2535 p.
634 2449 686 2514 92.
715 2450 846 2514 Pertinet
867 2449 925 2513 buc
946 2448 1080 2530 lie-epobii
1102 2447 1306 2532 interpretatio

136 2545 198 2627 ζεῖ·
214 2547 387 2631 ταράσσει.
410 2555 613 2618 Construenda
625 2553 713 2638 igitur
727 2553 812 2616 verbe
828 2561 915 2616 erunt
930 2553 961 2616 in
976 2551 1056 2616 bunc
1071 2551 1209 2614 modum:
1225 2544 1306 2634 κέαρ

130 2647 216 2734 ιιρδς
249 2646 394 2732 ένδέκοις
430 2651 549 2742 φρεσὶν
580 2649 796 2742 τελεσφόροις
823 2647 932 2732 δι’ναις
958 2647 1178 2736 κακλοέμενον
1210 2643 1306 2719 οἴκοι

129 2749 237 2835 μάταν
259 2751 432 2840 οπλδγχνα
455 2753 517 2836 ζεῖν
540 2777 605 2822 eor
624 2777 747 2822 meum
762 2757 877 2822 iurtis
892 2757 1128 2842 praecordiis
1150 2757 1305 2842 propin·

131 2877 255 2938 quum,
272 2861 465 2944 praesagio
480 2865 517 2940 (e.
533 2861 650 2926 iuturi
665 2861 916 2948 praenuntiis)
931 2861 1109 2925 ituotibur
1123 2861 1304 2943 agitatum

131 2978 204 3024 non
219 2970 359 3028 temere
382 2965 568 3029 intestina
588 2983 665 3028 mea
686 2965 863 3029 incendit
896 2958 1026 3049 Φρένας
1047 2964 1166 3050 proprie
1192 2983 1304 3050 prae·

132 3067 261 3132 cordia
276 3089 340 3133 eane
356 3088 446 3134 nemo
467 3069 576 3132 nescit:
597 3069 643 3132 bio
665 3087 717 3133 cor
736 3069 953 3152 propinquum,
975 3067 1053 3131 unde
1074 3063 1162 3152 πρδς
1187 3061 1305 3153 φρεσὶν

131 3165 349 3251 κικλοέμενον
370 3171 426 3236 dici
441 3173 548 3256 potuit.
578 3171 741 3234 sedetiam
758 3171 867 3234 mentia
878 3171 963 3234 aedes
979 3171 1147 3254 praecordia
1159 3170 1305 3255 putaban-

134 3281 191 3347 tur,
208 3293 333 3357 eamque
349 3275 387 3338 ob
402 3293 522 3340 canemn
538 3273 691 3357 epitheton
711 3273 804 3336 menti
819 3273 997 3338 convenient
1017 3275 1107 3339 etiam
1126 3273 1305 3360 praecordiis

136 3375 286 3439 tribuitur.
317 3378 397 3440 iusta
413 3379 583 3462 praecordia
596 3385 678 3452 nunt,
694 3395 770 3460 quae
782 3377 850 3460 quid
865 3377 910 3441 ier
924 3387 976 3441 aut
990 3377 1073 3442 neina
1087 3377 1127 3441 ait
1140 3387 1220 3440 recte
1234 3395 1304 3461 per·

133 3477 310 3542 sentiscunt
340 3479 416 3544 iiinc
437 3481 468 3543 in
488 3479 577 3545 corde
604 3479 772 3543 excitantur
800 3481 1018 3544 commotiones
1044 3489 1075 3544 ct
1095 3498 1201 3556 curae,
1229 3499 1306 3563 qnae

134 3588 256 3664 propter
271 3581 487 3646 vehementiam
504 3578 603 3659 δῖναι,
616 3583 723 3645 tinctus
734 3590 786 3646 aut
798 3581 932 3656 vortices,
944 3583 1094 3658 dicuntur,
1105 3577 1306 3669 τελεσφόροι

134 3692 243 3760 auum,
259 3693 362 3767 utpote
377 3685 470 3750 iuturi
484 3691 607 3748 crentur
622 3703 778 3770 praesagae
793 3692 824 3749 et
846 3687 1055 3770 praenuntiae:
1071 3695 1159 3768 atque
1177 3685 1222 3751 aio
1242 3694 1306 3750 tota

134 3787 278 3854 intestina
290 3787 374 3871 quani
389 3789 597 3853 incenduntur.
1078 3789 1080 3794 ’

223 3889 257 3953 V.
277 3891 358 3954 1008
374 3891 403 3954 in
419 3891 555 3957 codicum
570 3891 714 3976 rcriptura
729 3885 787 3953 καὶ
808 3885 848 3954 rd
869 3885 930 3971 μέν
951 3887 1019 3976 πρὸ
1032 3885 1210 3979 χρημάτων
1229 3911 1306 3978 κερ-

134 3983 217 4056 οέιον
239 3981 336 4069 ὄκνος
356 3987 468 4075 {leima
489 4003 619 4060 ueterem
641 3995 774 4058 lacunam
795 3993 1015 4077 complemento
1034 4013 1140 4078 parurn
1161 3995 1307 4080 probabili

134 4095 476 4180 eartamdeprebendere
488 4098 560 4162 nabi
572 4097 681 4162 videor.
693 4097 768 4160 Nam
779 4095 933 4182 epitheton
943 4097 1013 4162 iilud
1026 4091 1181 4186 κνρσέινν,
1191 4099 1307 4166 etiamai

135 4185 214 4263 sorte
235 4217 290 4282 pro
306 4219 342 4262 eo
363 4199 444 4283 quod
471 4208 519 4265 eat
539 4195 742 4286 κεκτημένων
763 4197 856 4284 accipi
877 4219 966 4284 poree
987 4203 1183 4278 concedatur.
1205 4213 1308 4270 tamen

135 4303 208 4386 quin
229 4319 353 4386 prornur
374 4303 411 4367 ad
432 4303 610 4369 untentiam
634 4303 764 4370 otiorum
779 4303 819 4368 rit
832 4320 926 4376 nemo,
942 4305 1027 4371 iaciie
1046 4305 1236 4372 diititebitnr:
1251 4324 1307 4372 ne·

135 4425 193 4489 qne
212 4407 250 4470 de
272 4405 489 4490 praepositione
502 4401 571 4494 πρέ
582 4406 690 4492 liquet,
713 4417 817 4476 utrum
839 4409 876 4474 ad
894 4403 1070 4496 κρρμέτιον
1089 4411 1240 4496 pertinere
1259 4411 1309 4478 di·
