3166 4962
638 459 790 561 Qa-

136 642 229 734 πορδ
250 645 354 714 ταῦτα
374 645 418 716 τό
440 641 591 734 ὀνόματα
612 643 744 736 ἐγίνετο,
767 651 927 715 autetiam
943 645 1037 734 nupsi
1057 647 1099 716 τδ
1120 661 1159 734 ψ.
1180 649 1236 717 καί
1254 671 1298 732 σ.,

135 745 233 840 είντερ
255 751 399 838 δοίημεν,
414 750 457 818 τό
472 747 518 818 όν.
541 747 675 838 δγίνεεο.
720 753 778 818 seo
794 761 829 818 ul
842 755 960 818 tolerari
974 757 1088 837 vulgata
1103 756 1189 820 lectio
1204 759 1299 839 possit

135 855 165 918 in
179 858 323 938 scriptore
337 859 448 921 nullius
466 858 508 921 rei
529 859 629 921 minus
650 876 740 940 quam
763 859 848 940 plane
861 867 894 920 et
908 858 1062 940 perspicue
1077 858 1217 940 loquendi
1230 872 1298 922 stu·

136 959 230 1031 elimo.
245 960 319 1025 haee
333 969 443 1036 tamen,
463 981 539 1044 quau
553 961 654 1026 statim
670 971 846 1044 sequuntur,
868 957 909 1023 τό
926 955 966 1044 δη
982 953 1017 1022 ἒν
1031 953 1126 1046 όξείρ
1141 945 1299 1050 προφορᾷ

135 1057 194 1127 καί
212 1057 247 1126 δν
267 1061 375 1128 κλίσει
393 1061 434 1149 τῇ
452 1059 512 1128 διδ
531 1061 591 1128 τοί
611 1051 664 1141 eo}
683 1058 719 1128 ἐν
738 1057 892 1149 ῥημάτων
910 1054 1098 1144 ἀναγόμενα
1117 1061 1202 1128 κατὰ
1221 1061 1299 1128 σόν-

135 1165 236 1228 θεσιν
246 1159 558 1252 παραλαμβάνεται,
579 1168 660 1231 nullo
682 1167 771 1230 mollo
786 1185 854 1230 eum
870 1167 1113 1248 praecedentibus
1128 1168 1297 1242 noluerent.

64 1272 68 1280 '
134 1267 206 1330 satis
220 1269 295 1332 bene
308 1279 407 1334 autem
423 1269 556 1353 prouenit
569 1271 737 1352 disputatio,
748 1270 775 1333 si
789 1269 892 1332 doletis
907 1269 962 1332 illis
977 1287 1045 1332 cum
1060 1272 1212 1352 superiore
1226 1291 1298 1353 pro-

135 1371 282 1452 positione
303 1373 537 1452 eoninnquntur:
564 1365 594 1437 εί
615 1367 653 1436 δι’
671 1393 724 1449 τις
737 1367 795 1436 καὶ
811 1369 851 1434 τό
866 1363 1001 1452 αἰιριβές
1016 1365 1218 1456 ἐπιστήσειε,
1239 1367 1298 1437 καί

135 1469 175 1536 τό
190 1463 372 1560 α’ψεοδής
386 1471 443 1539 καὶ
458 1469 509 1540 ἔτι
522 1472 561 1539 τό
577 1469 711 1564 α’σαφό
717 1500 733 1552 ς
748 1469 897 1560 πρότερα
912 1465 953 1538 όν
968 1468 1059 1557 sipon
1070 1476 1131 1540 τοῦ
1147 1469 1274 1560 ψεοδό
1280 1497 1299 1552 ς

135 1571 193 1640 καί
212 1572 320 1664 σοφή
326 1601 351 1654 ς.
373 1575 416 1642 τό
438 1575 479 1664 δη“
500 1573 534 1643 ἒν
549 1570 641 1666 ὀξείᾳ
657 1575 815 1666 προφορᾷ
828 1577 912 1654 νεοίη
932 1600 1113 1662 quamquam
1129 1574 1192 1664 γόρ
1207 1600 1296 1662 quam

136 1673 180 1764 δη’
193 1682 337 1763 scriptum
354 1683 483 1745 mallem.
526 1683 598 1748 Utnt
611 1693 667 1758 est.
683 1684 763 1748 istud
779 1675 862 1745 otto
878 1675 980 1768 ηόσει
994 1703 1047 1758 τις
1062 1717 1104 1728 -
1117 1717 1161 1729 —-
1175 1675 1299 1764 ἐγίνετο

135 1782 171 1845 ab
186 1784 244 1846 line
257 1789 398 1848 contextu
419 1787 547 1849 alionum
569 1806 633 1850 esso
652 1795 782 1869 apqmrot
827 1787 965 1849 Ceterum
980 1805 1007 1848 ν.
1023 1785 1064 1847 23
1088 1804 1148 1848 non
1163 1781 1223 1848 διδ
1237 1785 1298 1848 τοῦ

136 1870 190 1961 ἧς
208 1887 260 1950 sed
282 1883 343 1950 διό
362 1885 422 1952 τοῦ
436 1875 475 1973 ης
490 1889 678 1953 scribendum
699 1891 792 1953 luisse
812 1907 860 1952 ros
881 1889 945 1970 ipsa
965 1889 1163 1965 demonsiret,
1188 1897 1219 1950 et
1243 1907 1298 1971 pro

136 1979 322 2070 ἀναγόμενα
339 2002 411 2053 usus
431 1991 569 2072 loquendi
589 1987 804 2074 παραγόμενα
825 1991 934 2072 poscit3
960 2009 987 2052 ε.
1001 1991 1043 2052 29
1062 2001 1164 2052 autem
1183 1991 1298 2068 houna,

135 2109 211 2172 quoe
225 2097 271 2154 est
285 2093 362 2155 inter
375 2093 433 2156 καί
445 2103 476 2156 et
488 2087 654 2176 συνόδοις,
675 2093 833 2155 commotis
855 2093 1020 2173 explebitur
1031 2093 1140 2155 inserta
1154 2091 1298 2155 coniunc-
1322 2073 1333 2092 ⁵

136 2193 217 2254 tione
232 2187 324 2258 δνιείι
339 2195 467 2276 denique
481 2195 512 2258 in
525 2215 550 2257 ι.
562 2194 603 2258 33
618 2195 807 2258 scribendum
823 2213 940 2268 censen,
956 2184 1017 2258 οδε
1031 2185 1099 2277 ὅρα
1114 2183 1245 2273 όνιορον
1258 2189 1299 2255 τό

136 2291 255 2378 σχῆμα,
282 2289 420 2381 δόνησιν
438 2291 514 2375 ἔχον
527 2291 723 2373 συνθέσεως,
747 2295 797 2361 τό
817 2293 889 2362 τοῦ
915 2289 1074 2382 α’ίνητι,
1097 2315 1152 2378 pro
1166 2317 1203 2360 οο
1218 2296 1299 2378 quoti

24 2441 27 2448 ·
136 2399 249 2462 editum
275 2407 322 2462 est
347 2389 384 2462 ίιι
409 2401 469 2462 τοῦ
495 2393 620 2485 όίκητι.
664 2399 777 2488 Nempe
796 2401 855 2465 hoo
873 2401 944 2464 elicit
965 2399 1148 2482 Apollonius,
1170 2399 1298 2462 lormam

135 2503 264 2566 adverbii
280 2493 410 2588 α’ίνητι,
432 2504 566 2586 quamtis
587 2505 813 2588 compositionis
833 2523 869 2567 ex
884 2497 977 2588 lupar
997 2513 1027 2565 et
1040 2537 1059 2570 s
1073 2501 1215 2586 privativo
1229 2522 1299 2584 spe·

136 2607 211 2671 siem
226 2609 371 2690 praeierat
392 2614 480 2688 alque
499 2608 543 2672 sio
556 2626 686 2692 pugnare
700 2608 834 2670 rideatur
847 2625 915 2670 enm
931 2606 1135 2670 obseruatione
1148 2624 1299 2687 gramma·

134 2711 270 2786 tinorum,
287 2711 338 2793 qui
353 2711 488 2774 adverbia
503 2729 572 2775 oum
587 2717 606 2778 i.
620 2711 763 2793 privativo
779 2710 918 2792 componi
933 2709 1079 2790 negabant
1093 2715 1135 2792 (p.
1147 2709 1221 2782 544,
1237 2707 1300 2785 49),

133 2829 195 2876 non
217 2821 317 2877 tamen
337 2813 570 2898 inexplicabilem
591 2803 744 2895 (ἄπορον)
764 2833 840 2887 esse,
862 2813 971 2895 quippe
990 2830 1083 2894 quum
1103 2801 1216 2894 ἀέκητι
1237 2825 1300 2872 non

133 2935 168 2979 sa
186 2908 280 3002 ἕκητι
295 2925 326 2982 et
336 2919 354 2985 ἁ
366 2917 508 3000 privativo
523 2917 644 2992 laetum,
660 2916 712 2979 εοιΙ
728 2936 744 2979 a
759 2915 849 2980 verbo
862 2907 992 2994 όεκόζιο
1003 2925 1102 2978 ortum
1116 2913 1156 2976 sit
1170 2915 1212 2996 (p.
1224 2913 1298 2987 545,

134 3021 153 3082 4
168 3025 263 3104 seq.);
286 3021 355 3086 hine
369 3021 449 3085 enirn
466 3011 618 3097 αἐκασιί,
637 3026 727 3104 atquo
747 3041 783 3084 er
802 3020 860 3084 lton
874 3038 977 3084 rursus
992 3019 1087 3082 deleta
1102 3017 1198 3081 littera
1214 3017 1247 3092 i,
1268 3025 1300 3080 st

134 3127 152 3190 ἀ
168 3123 266 3190 ionice
280 3131 343 3207 ini
364 3129 487 3202 moleto,
507 3117 634 3211 όίνητι,
653 3143 689 3189 ex
705 3115 947 3211 disputantem,
967 3123 1078 3188 abiecta
1091 3121 1187 3185 littera
1202 3121 1300 3206 prisa-

133 3227 199 3305 tita‚
215 3222 307 3314 ἕκητι
323 3228 464 3292 extitisse.

219 3331 253 3394 P.
270 3329 342 3404 548,
362 3329 413 3392 29.
458 3331 588 3394 Plurima
603 3331 736 3396 adverbia
752 3330 782 3394 in
799 3331 961 3412 {biritona
975 3337 1056 3404 sunt,
1077 3321 1170 3391 τότε
1185 3317 1299 3402 όξονό-

131 3451 214 3514 μενα
235 3425 270 3494 δν
290 3453 364 3517 τηνι
384 3425 520 3517 τηρήσει
543 3427 616 3498 ἐστὶ
640 3430 726 3498 κατὰ
752 3429 810 3516 τόν
835 3426 986 3516 ὀξύτητα.
1029 3429 1154 3513 Scripsit
1172 3429 1301 3492 fortasse

132 3531 306 3618 Apollonius
322 3525 356 3598 ἕν
369 3551 437 3596 τινι
452 3527 605 3618 τηρήσει,
626 3553 686 3616 qun
705 3534 882 3616 signiticaret
894 3533 1032 3598 adverbia
1046 3533 1077 3596 in
1092 3537 1116 3605 i.
1133 3550 1208 3612 quae
1225 3549 1300 3612 osp-

133 3647 203 3700 tona
226 3643 339 3711 essem,
360 3635 558 3700 observationi
573 3637 689 3700 cuidam
704 3635 835 3701 subiecta
850 3657 915 3700 esse
929 3637 960 3698 h.
974 3657 1002 3699 ιι.
1017 3633 1181 3716 analogiam
1203 3649 1300 3714 quan·

134 3739 202 3804 dam
216 3737 318 3822 sequi,
339 3757 414 3820 quae
435 3737 616 3803 observanda
631 3747 719 3803 essen
749 3739 791 3802 lle
806 3757 866 3802 uno
882 3740 989 3804 horum
1005 3755 1111 3821 penore
1125 3735 1238 3800 dictum
1253 3743 1301 3798 est

134 3861 163 3925 p.
179 3842 252 3916 545,
272 3841 310 3904 tu
323 3861 389 3924 sqq.
404 3875 447 3890 -
462 3841 627 3926 Exponitnr
641 3860 729 3926 porro
745 3843 846 3906 elisam
862 3842 990 3906 litterum
1006 3869 1026 3911 s
1045 3841 1077 3906 in
1091 3839 1194 3904 motois
1209 3856 1298 3902 voea-

134 3944 210 4008 bnlis
225 3963 343 4008 monam
359 3963 424 4008 esse
438 3945 607 4008 retrahendi
626 3955 779 4020 amemus,
803 3945 882 4008 vetut
900 3964 994 4028 quum
1014 3963 1069 4030 pro
1089 3941 1226 4026 oaptonis
1245 3937 1300 4004 δε-

134 4040 290 4132 σποστός,
305 4039 467 4132 δργαστός
477 4047 592 4112 ditatur
602 4041 781 4132 δεσπότης,
792 4041 939 4132 ἐργάτης,
953 4059 985 4112 ut
997 4068 1015 4112 e
1026 4039 1301 4130 σονεληλασμίνοε

134 4159 317 4234 paroxytono
345 4151 396 4214 liat
423 4143 675 4235 σονεληλόμενοι
703 4159 978 4234 propsrotptonum
1008 4149 1059 4230 (τί.
1079 4168 1109 4232 p.
1124 4149 1206 4222 545,
1237 4148 1298 4228 10).

135 4251 276 4336 Sequitur
296 4270 325 4336 p.
341 4251 415 4327 549,
430 4253 461 4328 ll,
481 4247 521 4315 τό
543 4273 579 4336 με
597 4249 662 4340 μὴν
682 4247 841 4338 sunnine
856 4299 864 4316 .
881 4271 979 4317 ..ειν
997 4248 1057 4315 τόν
1075 4241 1176 4315 αὐτόν
1193 4246 1301 4330 τόνον,

134 4356 186 4424 uhi
199 4363 322 4442 apparet
334 4355 367 4420 in
383 4355 487 4422 lacuna
501 4355 645 4422 raciliam
656 4357 778 4422 verbum
791 4353 843 4422 δεῖ
852 4375 921 4422 eum
937 4355 1090 4432 infinitivo,
1103 4371 1166 4418 non
1180 4353 1301 4438 quidem

133 4481 188 4538 eo,
214 4479 304 4544 quern
327 4459 517 4525 insumimus
536 4461 701 4527 Slrrecalta
722 4460 893 4544 proposuit,
919 4449 1105 4543 οίναμίνιιν,
1128 4457 1182 4524 sed
1201 4457 1302 4544 potius
