3266 4958
763 427 912 528 —ot-

240 637 383 705 quoroto
399 635 490 700 qaum
503 617 678 685 tortitudine
694 628 725 684 et
739 618 881 702 sapientia
895 617 1019 701 patriam
1035 617 1146 682 salvam
1157 616 1222 682 iore
1233 616 1420 695 confidimus,

240 734 316 788 tum
333 723 423 786 etiam
437 722 570 786 favorem
591 731 624 786 et
641 724 829 788 clementiam
851 722 938 787 nobis
958 729 1137 803 nostraeque
1158 720 1341 785 universitati
1361 739 1422 786 non

240 825 424 890 defuturam
444 845 510 890 etse
534 844 699 909 operamur.
720 859 762 873 -
784 826 931 902 Quoniam
955 835 1056 890 autem
1075 825 1172 888 luetur
1192 823 1289 888 nostri
1307 843 1421 904 omnes,

240 937 406 1014 quotquot
418 938 489 992 aunt
503 927 534 992 in
548 929 604 992 hao
618 929 744 1005 civitate,
763 930 860 994 aoo‘oa
880 929 1041 1004 habemus,
1062 935 1094 992 et
1107 927 1187 992 iurat
1201 927 1423 1011 quodammodo

240 1035 278 1100 in
294 1035 384 1098 iuctu
398 1033 486 1098 etiam
501 1033 670 1098 eommunis
684 1034 794 1099 ‹lotor-ie
808 1051 843 1098 ao
856 1033 972 1117 pietatis
983 1029 1161 1106 testificatio,
1176 1030 1337 1114 parentatio
1351 1031 1423 1095 iio·

240 1138 305 1222 gia
322 1136 461 1220 Optimi
475 1135 664 1202 t'rioariei
678 1137 855 1202 Guiieimi
872 1137 929 1213 lv..
945 1136 1061 1220 pubiioe
1075 1135 1107 1200 in
1129 1135 1195 1200 aula
1214 1134 1381 1200 academica
1396 1153 1423 1199 a.

242 1243 278 1306 ti.
295 1240 378 1306 vili.
393 1240 423 1303 h.
439 1259 480 1304 m.
495 1239 561 1304 hor.
578 1239 627 1304 xi.
642 1241 815 1305 celebraturi
829 1259 945 1317 eumue,
961 1248 1178 1320 oratoremque,
1193 1237 1246 1322 qui
1260 1237 1341 1322 quod
1357 1256 1425 1301 om·
1520 1263 1525 1273 ·

242 1363 307 1410 nea
323 1343 473 1409 sentimus
488 1343 625 1407 omnium
635 1344 758 1408 nomine
768 1353 799 1409 et
809 1363 948 1410 sermone
958 1343 1054 1428 patrio
1064 1342 1269 1428 proloquatur,
1284 1341 1425 1426 ooilegam

243 1456 397 1514 nostrum
411 1447 620 1512 comtituimoa
634 1449 669 1510 Α.
683 1447 836 1524 litorum,
853 1447 1057 1532 philorophiaa
1074 1445 1286 1530 proieaoorem.
1308 1445 1354 1508 ao
1373 1463 1427 1510 aa·

244 1552 399 1618 tebraoda
410 1551 498 1635 igitur
508 1551 583 1615 haec
596 1549 754 1616 nobiseum
768 1551 929 1634 parentalia
943 1550 1133 1634 magistratus
1147 1549 1245 1633 ragio·
1256 1558 1288 1613 et
1297 1547 1425 1625 urbicae,

243 1656 357 1723 ca'viioe
371 1664 403 1721 ot
416 1656 575 1731 militaret,
596 1673 759 1738 omnesque
778 1656 914 1720 omnium
933 1655 1071 1720 ordinum
1090 1653 1168 1720 eirea
1186 1661 1276 1738 atquo
1295 1653 1427 1737 hoapitea

244 1778 315 1848 qua
331 1761 420 1826 dotat
432 1759 595 1826 reverentia
609 1767 641 1823 et
653 1757 839 1827 obterrantia
853 1759 1023 1826 invitamur„
1171 1753 1177 1766 '

366 1881 402 1948 P.
416 1881 450 1946 P.
466 1880 714 1966 Gryphiarraidiao
726 1900 753 1947 a.
768 1883 797 1947 o
812 1881 873 1946 vii.
887 1901 929 1946 m.
952 1879 1104 1946 Febmarii
1121 1877 1320 1946 ttoccctxt.
1448 1949 1451 1957 ,
