3182 4962
623 419 774 520 Qu-

117 605 247 688 tellipere
260 605 365 681 lateor.
380 607 427 672 vix
441 607 603 672 verendum
617 617 673 684 eet.
693 626 732 672 ne
747 609 814 690 quio
829 609 996 674 tarditatem
1011 628 1110 674 meam
1124 619 1177 674 aut
1189 609 1283 675 intei-

117 711 189 773 tiam
204 720 337 786 aocueet;
356 712 419 786 ned,
439 719 508 776 utut
526 721 581 786 ert,
605 713 664 777 boe
682 719 762 777 certe
776 713 907 798 intelligo
921 733 955 778 ac
969 715 1055 799 plane
1068 733 1124 799 pro
1138 723 1221 778 certo
1233 714 1282 778 al·

117 814 215 896 firmo,
229 815 357 898 Epicuro
372 815 444 878 nibil
459 835 563 880 eorum
579 817 609 879 in
625 825 757 880 mentem
774 819 897 881 veniere.

204 919 254 982 Sic
273 920 363 1001 igitur
381 938 474 1002 quum
494 921 555 986 duo
574 941 680 1004 genera
694 921 819 986 deorum
835 921 954 1004 Epicuri
974 939 1122 1003 nusquam
1143 921 1200 984 nisi
1219 941 1281 985 nno

117 1021 166 1086 blo
180 1023 260 1108 apud
275 1025 433 1106 Diogene-m
454 1026 519 1090 loco
541 1025 770 1090 commemorari
789 1034 920 1100 constet,
941 1043 1093 1109 quumque
1114 1025 1203 1088 buius
1222 1025 1279 1100 loci

117 1125 327 1211 interpretandi
348 1137 438 1212 atque
458 1129 530 1194 adeo
551 1148 619 1194 cum
636 1129 725 1194 Vellei
745 1130 871 1194 obscura
891 1129 1028 1214 quidem,
1050 1129 1101 1192 red
1122 1128 1281 1192 manifesto

21 1259 24 1265 ·
117 1239 217 1296 tamen
231 1232 378 1297 conuaria
393 1233 526 1297 umbone
540 1233 617 1316 apud
633 1233 802 1298 Ciceronem
814 1233 987 1298 conciliandi
1001 1233 1157 1298 conamina
1170 1233 1282 1296 inutra

117 1335 238 1411 luerint,
262 1337 333 1420 quid
354 1335 519 1402 laetemur
548 1338 681 1403 Tantane
695 1337 772 1422 apud
789 1355 845 1401 noo
861 1337 1006 1421 Diogenis.
1021 1347 1073 1401 aut
1087 1339 1185 1422 potius
1197 1337 1280 1402 nodi·

118 1459 187 1504 cum
203 1441 354 1523 Diogenis,
381 1461 458 1524 quoe
479 1441 580 1506 muris
601 1443 699 1506 modin
718 1454 874 1526 corruptos
894 1461 959 1506 ecoe
979 1460 1069 1505 nemo
1090 1442 1197 1516 nescit,
1223 1441 1282 1507 boc

118 1553 218 1609 tamen
238 1545 349 1610 inloco
364 1547 523 1612 auctoritas
538 1547 606 1622 erit,
633 1557 752 1631 utrem
772 1545 907 1633 quamvis
927 1546 997 1610 alias
1016 1546 1230 1630 incompertam
1249 1555 1282 1610 et

118 1669 172 1734 prr
185 1669 218 1714 oe
234 1651 326 1734 ipram
342 1650 566 1734 improbabilem
581 1653 750 1736 persuaderi
766 1651 852 1716 nobie
872 1651 1029 1736 patiamur,
1050 1671 1088 1716 an
1107 1651 1282 1716 audebimus

118 1754 252 1820 dillidere
273 1755 399 1818 librariis
417 1765 647 1840 corruptamque
673 1774 778 1820 eorum
804 1755 918 1820 bucitia
943 1755 1100 1822 lectionem
1123 1756 1282 1820 emendare

120 1856 318 1923 conabimur?
350 1859 399 1924 Sic
417 1861 527 1924 lactum
546 1869 593 1924 eat
614 1859 651 1924 eb
669 1881 717 1936 eo,
737 1879 798 1944 quo
818 1878 908 1924 nemo
926 1860 1094 1944 diligentius
1114 1859 1145 1923 in
1159 1877 1282 1923 omnem

120 1963 239 2045 Epicuri
255 1961 469 2044 philosophiam
485 1963 643 2043 inquisivit,
659 1963 820 2038 Garendo,
840 1973 871 2026 et
886 1973 954 2048 poet
968 1962 1152 2027 Gasaendum
1166 1963 1204 2026 ab
1218 1962 1282 2025 aliie

121 2067 189 2128 viria
204 2083 265 2128 non
279 2083 352 2128 eane
366 2065 602 2140 contemnendis,
622 2065 653 2128 in
667 2083 796 2149 quorum
813 2077 913 2149 partes
926 2087 982 2150 ego
997 2083 1117 2149 quoquc
1131 2064 1209 2128 baud
1224 2065 1283 2128 dn·

121 2166 248 2232 bitcnter
273 2167 413 2242 conoedo
439 2169 508 2232 licet
531 2168 609 2250 iprae
634 2187 739 2234 eorum
760 2171 944 2235 coniemurnr
965 2187 1025 2232 non
1047 2189 1084 2232 ex
1103 2169 1186 2232 omni
1199 2177 1283 2250 parte

120 2272 252 2354 probem.
281 2270 353 2335 lllud
378 2271 511 2354 quidem,
536 2271 566 2334 in
591 2291 651 2354 quo
677 2273 707 2336 bi
732 2291 837 2337 omnea
862 2275 1061 2348 consentiunt,
1083 2289 1138 2355 pro
1153 2259 1285 2350 oiigpe'r

120 2375 197 2456 apud
214 2375 373 2454 Diogenem
389 2365 428 2438 oei
449 2366 510 2456 pir
527 2374 716 2438 amibendum
736 2395 812 2450 eree,
834 2377 908 2440 mibi
927 2395 1046 2458 quoque
1068 2375 1153 2458 plene
1167 2385 1283 2438 certum

121 2477 252 2553 videtum
270 2477 323 2540 red
339 2479 369 2540 iu
380 2477 471 2540 altero
486 2478 632 2552 membro,
651 2478 702 2541 ubi
716 2467 868 2554 nuuooic
882 2473 1079 2560 discriptum
1094 2477 1210 2559 legitur,
1228 2494 1283 2539 ne·

121 2597 179 2661 que
194 2571 240 2655 ὥς
261 2572 309 2652 de'.
325 2579 406 2661 quod
422 2579 592 2643 baerendus
606 2579 819 2662 auspicabatur,
839 2599 942 2644 rernm
958 2599 1024 2643 eree
1037 2589 1121 2663 puto,
1141 2579 1282 2660 quoniam

120 2689 219 2764 aptam
246 2681 334 2746 buiue
358 2683 487 2746 adverbii
512 2682 754 2764 oignibcationem
777 2701 838 2746 non
863 2683 991 2754 invenio.
1015 2699 1113 2765 neque
1138 2681 1178 2753 id,
1203 2679 1284 2763 quod

119 2785 292 2849 bleineroiue
310 2785 510 2868 reposuit‚⁸⁸)
536 2775 631 2859 blut,
657 2785 736 2867 quod
757 2805 818 2867 quo
838 2785 929 2849 modo
949 2784 980 2848 in
1001 2770 1059 2859 obe
1081 2777 1120 2848 δέ
1131 2783 1285 2866 corrumpi

119 2921 196 2976 Zabi
213 2917 280 2986 (κατ’
295 2917 424 2992 eiprbpabr
435 2917 636 2992 ipemairurr‘,
653 2951 684 2962 -
699 2925 757 2976 reio
773 2923 823 2976 die
834 2921 925 2986 Zabi,
940 2923 1010 2974 aiatl
1023 2919 1116 2986 Zablr
1131 2921 1155 2973 tl.
1168 2921 1193 2974 lt.
1204 2936 1284 2986 ‘aaa

119 3008 268 3062 abstrait
288 3023 357 3060 von
377 3007 580 3074 biaallebea,
601 3007 806 3074 blebtbarea,
823 3009 927 3060 -dea
944 3006 1124 3060 Abrtrakte
1141 3004 1284 3059 inbiaa·

119 3095 235 3148 llcbea.
258 3091 359 3145 Woaa
378 3093 435 3146 rrlr
450 3109 562 3160 aapaa,
579 3095 636 3146 dar
653 3093 785 3147 bbelaete
798 3092 928 3158 werra,
944 3091 1126 3160 teglaubea
1139 3092 1285 3144 vtrwett

120 3181 198 3234 'a'ber
217 3179 267 3232 dia
287 3175 739 3248 epikaroiaebel‘bileaaplale
759 3179 875 3232 biaaaa
891 3197 927 3232 au
944 3179 1026 3240 reia.
1047 3179 1109 3230 aad
1126 3177 1284 3230 aiaddaeb

119 3268 149 3320 ia
166 3267 222 3320 der
234 3263 316 3318 'l'lrat
333 3263 424 3317 aicbt
441 3265 565 3318 weltar.
590 3263 669 3318 blau
684 3265 734 3318 dle
746 3261 946 3319 thtoraiad
958 3263 1059 3318 tbeile
1071 3263 1192 3316 'lodie
1204 3261 1285 3316 Zab-

120 3351 183 3418 lea,
200 3350 321 3418 „tbeila
339 3351 412 3402 alad
433 3350 480 3402 eie
497 3349 642 3415 (aadere)
659 3352 714 3402 dae
726 3347 910 3405 rollendete
922 3347 1285 3405 recantantur-iteam*
1342 3405 1345 3408 ,

119 3440 166 3507 (in
190 3434 432 3490 ueaaoblicber
452 3433 559 3488 Weiae
579 3436 749 3488 velleadet
770 3439 913 3504 werdea,
937 3431 1286 3500 a'raorereleopedvour

119 3518 426 3595 (imponendis),
454 3535 542 3585 „war
570 3521 717 3572 ertatelrt
744 3537 800 3574 aur
829 3523 895 3574 dan
918 3521 1201 3575 eeatiaairlicbea
1223 3518 1285 3572 Za·

120 3603 336 3662 ranneallurr
357 3607 412 3656 der
436 3605 585 3671 pleiobee
603 3605 711 3657 bilder
729 3603 1145 3670 autumnitanorum,
1165 3604 1286 3657 dlavir

119 3691 318 3764 enpiaagaa,
340 3689 446 3742 -dio
467 3706 547 3756 raaz
566 3686 780 3754 ellpcnreiaea
798 3689 906 3744 bilder
923 3692 954 3743 ia
972 3706 1036 3742 aar.
1067 3689 1127 3741 bar
1143 3688 1217 3741 eiad
1233 3689 1286 3740 die

120 3779 250 3840 thton
271 3775 398 3828 eiaaola
415 3772 516 3826 lallan
533 3775 579 3826 aie
599 3774 637 3826 ira
650 3774 761 3827 Sellel
774 3775 804 3826 ia
821 3791 886 3828 naa.
910 3773 1286 3841 bleaallpeneiaabild,

120 3861 376 3925 elaborantes,
395 3859 451 3911 daa
472 3859 625 3925 aupleiob
642 3857 835 3911 neaacbliela
850 3857 1049 3925 vorgeatellt
1066 3859 1128 3922 iet,
1147 3858 1193 3910 iet
1208 3858 1286 3909 dna·

119 3949 220 4012 solbe,
241 3961 302 4000 rrae
323 3947 382 3997 wir
398 3944 484 3998 ldoal
501 3959 640 4006 aeaaea;
654 3935 722 3995 'aar
738 3944 812 3997 daaa
828 3943 889 3996 ibn
904 3945 976 3996 bier
991 3943 1049 3996 der
1065 3942 1235 4009 Urapraass
1251 3956 1286 3994 ae

119 4033 259 4102 gegeben
280 4031 337 4096 iet,
363 4031 436 4083 dan
457 4029 567 4081 bilder
586 4025 797 4081 auleiaaador
817 4027 946 4082 iallea.“
978 4028 1029 4082 Via
1051 4027 1110 4080 anibi
1131 4027 1286 4094 prouder·

118 4135 221 4188 poaran
236 4119 298 4171 baec
314 4116 396 4168 onnia
413 4115 451 4168 aie
463 4114 546 4181 lpoan
560 4111 692 4180 berellam
703 4115 815 4168 diuinae:
833 4115 952 4182 anapieer
962 4113 995 4166 ab
1006 4115 1092 4182 alique
1103 4113 1222 4168 auditore
1232 4128 1287 4166 ιι·

119 4203 196 4270 girtri
208 4203 287 4255 verba
300 4217 349 4253 noa
361 4209 433 4253 recte
445 4207 548 4265 accepta
560 4212 627 4250 caro.
1318 4245 1321 4250 .

187 4286 231 4348 bt)
248 4285 275 4337 la
291 4293 423 4336 eon-eat
439 4285 471 4336 de
488 4283 599 4350 bpicuro
615 4281 709 4347 (llab'er
727 4283 838 4349 bplkarr
850 4284 991 4338 cbarakter
1007 4286 1057 4337 aad
1074 4285 1166 4338 decana
1179 4281 1288 4339 Widar·

120 4370 228 4434 epr'a'ebe
249 4370 275 4420 la
298 4370 348 4420 dtr
365 4367 448 4420 laelare
468 4383 517 4418 aea
535 4365 609 4430 Gott)
630 4383 694 4436 quaa
709 4377 783 4421 extat
798 4370 824 4423 la
835 4371 891 4424 eiaa
902 4371 1004 4437 roriptt.
1016 4369 1076 4436 piil.
1087 4367 1197 4424 anntt
1207 4369 1288 4436 (Ver-

35 4530 51 4554 ‘
118 4452 223 4504 memte
235 4452 297 4518 pult.
309 4451 382 4504 bobr.
393 4451 481 4516 lain.
496 4451 571 4516 ttttt
583 4459 645 4504 ten.
658 4450 680 4506 ll
694 4467 719 4518 p.
734 4453 794 4508 121.
1016 4523 1081 4588 ²³.
