3186 4958
796 453 910 550 rrum

246 639 275 704 b.
289 659 316 704 ε.
327 639 440 704 daimon
452 639 541 714 senis,
557 657 677 724 operam
694 641 810 706 deilicae
821 651 855 707 ut
866 641 1038 706 adolescens
1049 641 1152 724 aliquis
1162 642 1218 706 sibi
1230 637 1410 729 συνήγορος

247 744 337 807 irent
383 743 483 828 Neque
499 751 599 808 tamen
615 753 769 830 propterea
786 743 981 810 necesmn'arn
1008 745 1085 808 illam
1102 746 1257 820 simulatis
1272 764 1326 828 pro
1341 743 1409 827 plu·

246 847 297 914 nali
328 847 545 914 restitutionum
576 869 641 914 ease
678 849 819 926 arbitror,
854 849 946 914 imaro
980 848 1124 914 veriorem
1158 856 1231 932 puto
1262 847 1407 932 pluralem

246 961 410 1036 propterea,
431 952 510 1036 quod
532 971 593 1018 neon
612 951 745 1036 sirrgulos
766 954 816 1018 eud
844 955 1074 1041 plumrsuutpor
1088 945 1286 1042 συνηγόρους
1308 951 1339 1016 in
1362 952 1410 1016 illo

245 1073 352 1140 genere
367 1075 533 1132 causarum,
548 1058 599 1123 ubi
614 1057 680 1144 quis
695 1075 749 1143 per
768 1049 977 1144 εἰσαγγελίαν
998 1075 1066 1123 reus
1085 1057 1181 1124 lactus
1201 1064 1273 1134 arat,
1298 1055 1335 1132 ei,
1359 1057 1410 1140 qui

246 1179 355 1226 nomen
380 1161 457 1226 iilius
478 1162 633 1236 detulerat,
659 1163 809 1228 adiutores
835 1183 852 1226 a
870 1162 981 1248 populo
997 1162 1060 1228 dari
1074 1161 1178 1226 solitos
1193 1181 1260 1226 csso
1275 1161 1411 1245 exempta

247 1265 471 1350 persuadenti).
515 1267 559 1330 nd
574 1267 793 1352 amlriguitatena
809 1277 908 1333 autem
925 1269 1005 1353 quod
1019 1267 1138 1343 attinet,
1160 1265 1324 1350 legentibus
1345 1265 1412 1350 qui·

247 1369 314 1433 dern
331 1370 417 1434 nobis
431 1379 462 1434 et
476 1370 601 1454 scriptas
614 1371 726 1436 litteras
741 1371 924 1436 intuentibus
939 1371 1025 1435 obiici
1040 1391 1105 1436 eam
1126 1388 1187 1435 uon
1207 1387 1359 1454 nummus,
1382 1371 1412 1434 in

248 1473 364 1538 thoatm
384 1484 483 1538 auteur
502 1474 593 1538 attico
619 1475 730 1540 nullam
756 1475 847 1540 luisse
873 1483 1023 1558 peutaruus,
1049 1493 1208 1556 ueramque
1233 1481 1413 1538 structuram

249 1577 406 1641 recisorum
420 1585 451 1640 et
465 1579 643 1642 sententiam
663 1579 782 1644 cuilibet
802 1578 903 1643 statim
924 1577 1042 1660 pianum
1064 1576 1171 1640 iactam
1187 1595 1251 1641 ossa
1275 1577 1346 1640 boni
1366 1577 1414 1639 hi·

108 1679 113 1690 '
248 1680 366 1744 strionia
383 1680 630 1764 pronuntiatione,
650 1701 726 1766 quaa
747 1673 820 1748 ill
832 1699 894 1746 non
913 1681 1153 1764 coniungendurn
1175 1700 1240 1745 esse
1255 1699 1325 1745 curn
1339 1698 1415 1743 νεα-

251 1774 321 1860 νίας
343 1787 372 1846 υλ
386 1793 510 1848 accentu
524 1793 555 1848 et
570 1775 744 1866 ίαεσχίσεε
766 1806 791 1850 ε.
808 1805 891 1851 mora
906 1784 1040 1870 quamuis
1062 1785 1183 1869 paruula
1197 1785 1268 1851 satis
1284 1783 1415 1849 declara·

251 1895 312 1951 ret:
328 1904 425 1970 neque
442 1885 632 1963 intercedam,
650 1889 677 1952 si
696 1890 763 1973 quis
781 1888 838 1954 boc
856 1889 946 1954 etiam
966 1889 1214 1974 interpunctione,
1235 1889 1266 1955 b.
1287 1908 1314 1954 e.
1330 1907 1415 1952 com-

253 1999 330 2055 rnate
347 1983 449 2074 pontii
472 1987 509 2056 δέ
524 1993 621 2077 ηουίῐο
641 1993 794 2076 significari
813 1994 944 2080 potuisse
973 1993 1060 2059 dieat.
1121 1995 1170 2060 Sic
1199 1994 1289 2078 igitur
1318 2009 1415 2076 neque
1540 2023 1541 2026 ¹

253 2095 424 2158 mutarulam
445 2095 503 2160 loci
522 2095 698 2180 scripturam
719 2117 784 2162 ease
805 2097 951 2176 dioemua,
975 2116 1071 2180 nupue
1098 2115 1168 2162 vero
1188 2097 1417 2180 confugiendum

210 2198 213 2202 ’
252 2197 287 2260 εδ
301 2196 346 2260 W.
360 2197 509 2260 ilibbcckii
520 2198 805 2282 interpretationem,
821 2201 869 2264 cui
881 2218 974 2284 quum
987 2192 1117 2276 νεανίας
1128 2199 1326 2264 nominatione
1338 2203 1418 2262 essct

253 2317 320 2364 cum
336 2287 357 2362 b*
380 2293 419 2364 δί
433 2301 604 2376 cohaerens,
626 2293 734 2387 ἑαυτῷ
755 2301 943 2388 συνηγορεῖν
964 2301 1035 2365 nihil
1050 2303 1128 2366 aliud
1143 2302 1305 2384 signiticure
1320 2301 1417 2364 uisum

253 2411 310 2478 est,
325 2401 381 2466 nisi
396 2402 469 2467 sibi
485 2403 607 2489 ipsum
629 2405 883 2491 συνηγορεῖν,
907 2405 994 2490 idque
1008 2404 1045 2468 do
1060 2423 1096 2468 oo
1111 2405 1177 2480 dici,
1193 2404 1243 2488 qui
1261 2403 1343 2468 nullo
1362 2401 1416 2466 ali·

253 2505 336 2572 cuius
351 2499 530 2592 συνηγόρου
551 2507 658 2572 auxilio
684 2517 776 2592 egeat,
801 2509 854 2574 scd
868 2509 925 2574 sibi
946 2509 1009 2594 ipso
1030 2508 1167 2583 suilroiat,
1190 2507 1330 2592 quodque
1349 2505 1417 2571 aliis

254 2603 429 2698 corripuerit
451 2609 541 2674 additi
557 2619 715 2696 praestent,
730 2631 783 2698 pur
797 2633 829 2678 ευ
844 2613 926 2679 εοΙυε
941 2621 1091 2699 praestare
1106 2612 1211 2698 possit.
1403 2621 1405 2628 ’

338 2713 455 2779 Ιέοίυεῑ
469 2713 575 2779 deinde
590 2717 698 2782 chorus
712 2718 881 2806 exemplum
896 2719 975 2784 sonis
990 2717 1169 2802 Thucydidis
1184 2735 1279 2803 nuper
1292 2715 1329 2781 ab
1343 2713 1418 2782 ado·

255 2817 383 2885 lcecsute
397 2818 613 2904 Ceplrisodemo
629 2823 756 2886 accusati
772 2824 1030 2907 condemnatique,
1046 2841 1072 2886 ε.
1090 2820 1168 2886 703:

382 2917 437 3006 Τῷ
460 2917 522 3008 γδρ
545 2914 636 3000 είκδς
657 2917 762 3008 όνδρο
784 2919 900 3013 κυφόν,
922 2919 1038 3014 ἡλίκον
1062 2915 1280 3009 Θουκυδίδην,

393 3017 555 3104 §allodes
576 3023 809 3109 ξυμσλακίντα
830 3027 871 3118 τῇ
892 3029 1035 3096 Σκυθῶν
1056 3019 1184 3116 ίρημίρ,

376 3125 464 3214 cpida
485 3131 533 3216 cpi
555 3125 800 3218 Κηφισοδήμῳ,
823 3134 873 3220 cpi
894 3127 985 3220 λόληυ
1009 3125 1193 3216 ξυνηγόρηεε

257 3233 409 3298 Sententia
424 3231 544 3314 quidem
560 3231 731 3314 planissima
746 3243 806 3310 est3
818 3236 854 3299 dc
869 3235 973 3322 primis
988 3243 1105 3300 tautum
1121 3231 1216 3296 uerbis
1227 3229 1337 3312 ambigi
1349 3237 1419 3315 pot-

256 3345 312 3412 est,
325 3336 404 3400 sitne
418 3329 465 3421 τῷ
476 3323 548 3398 b.'e.
561 3326 638 3408 είνυ,
653 3355 722 3400 cunr
734 3339 768 3402 Α.
779 3338 912 3412 bldllero,
927 3357 981 3424 pro
992 3337 1089 3402 datico
1103 3334 1218 3419 generis
1233 3333 1332 3398 neutri
1342 3329 1420 3396 acci·

257 3439 413 3523 piendum,
433 3437 729 3522 suiraudiendunaque
747 3435 930 3529 τεκμηρίῳ,
953 3460 991 3505 an
1011 3439 1109 3527 potius
1127 3437 1244 3522 generis
1266 3435 1420 3501 masculini

256 3541 305 3614 ait,
319 3541 520 3624 significetque
535 3539 680 3606 cuinam
696 3543 850 3608 homini.
893 3544 1004 3610 Εεδειυ
1019 3541 1163 3608 dubitatio
1175 3548 1313 3604 moretur
1327 3539 1364 3603 de
1377 3539 1421 3602 al·

257 3651 322 3710 tero
336 3644 413 3718 loco,
429 3643 645 3729 Thesmophor.
661 3664 688 3708 a.
704 3644 782 3710 845:

384 3747 440 3832 ru
462 3743 524 3830 γὰρ
546 3739 646 3824 εἰκός,
669 3737 697 3811 εδ
719 3743 832 3826 πόλις,

378 3845 439 3936 την
455 3841 667 3935 Ὑπερβόλου
689 3848 871 3938 καθῆσθον
891 3842 1002 3940 μητέρ’
1024 3841 1251 3938 ἠμφιεσμένην

379 3947 480 4017 λευκδ
502 3947 560 4018 καί
581 3947 688 4036 κόμας
708 3953 887 4035 καθείσονγ

260 4055 341 4129 Quae
356 4065 455 4120 autem
470 4067 710 4142 comparantura
725 4057 787 4122 uiro
801 4057 982 4134 doctissime,
997 4053 1223 4122 uehuntur:
1239 4043 1319 4138 φίρε
1328 4045 1423 4114 σοιτί

259 4159 309 4241 spi
328 4153 388 4242 χρη
411 4153 598 4237 accession,
628 4171 657 4224 et
682 4160 760 4226 Plut.
783 4179 811 4224 a.
828 4159 883 4225 48:
902 4156 951 4244 τῷ
971 4161 1072 4224 τοῦτο
1093 4148 1236 4244 κρίνεεςς
1257 4153 1423 4220 εοοεεεεῑίεεε

261 4305 463 4326 *a*

330 4393 357 4460 δ)
374 4391 413 4448 Cl.
427 4395 459 4447 da
470 4398 554 4452 comit.
567 4399 697 4470 Athenp.
716 4397 775 4465 lbd,
791 4405 844 4452 aot.
859 4399 899 4452 ld.
922 4397 978 4451 add.
996 4395 1097 4452 nnnc
1115 4412 1157 4466 ap.
1174 4395 1216 4450 Pa.
1233 4393 1302 4448 Plat.
1320 4391 1378 4445 titt.
1395 4388 1423 4446 Χ

262 4485 340 4531 mtt.
351 4494 374 4547 p.
387 4479 435 4532 dil
449 4479 475 4532 p
491 4480 606 4536 binarcb
620 4492 669 4538 etr.
681 4485 796 4552 Aristus.
808 4481 825 4552 Ι
838 4483 863 4537 d.
876 4482 1002 4537 berumtlr.
1016 4479 1199 4538 εδν.’1”ίιεεὶΙ
1212 4479 1228 4549 fl
1240 4481 1266 4534 9.
