3182 4960
155 677 332 743 cernuntur.
353 667 406 731 sed
421 670 543 750 propter
558 663 699 747 imagines
715 682 730 725 e
746 661 900 745 superlicio
916 679 1019 724 curum
1035 657 1189 722 eldurntes
1206 656 1331 720 minime

155 773 264 839 solidas
274 772 326 836 sed
343 771 429 853 longe
444 768 645 844 tenuissimas,
657 786 732 850 quae
747 766 771 830 si
783 783 845 830 non
860 765 983 829 elbuaut
998 763 1160 844 oculosque
1174 761 1332 832 lacessant,

157 897 280 963 corpora
296 875 430 960 quumvis
445 875 539 940 solida
555 871 636 938 cerni
652 881 751 936 temen
766 881 924 954 soporant.
953 871 997 933 bn
1014 865 1210 933 soliditate
1224 864 1331 932 cerni

156 1004 195 1046 eo
209 1000 300 1046 sensu
324 983 435 1046 dietum
457 979 651 1061 accipiemus,
673 987 709 1042 ut
727 977 766 1040 sit
781 975 800 1040 i.
815 995 845 1059 q.
861 975 905 1039 sie
919 975 1016 1049 cerni,
1042 983 1075 1038 ut
1093 972 1225 1036 soliditas
1240 972 1332 1036 etism

159 1081 431 1151 animadvertatur?
455 1082 551 1148 Possit
566 1083 691 1146 tortasse
708 1081 827 1145 concedi
843 1079 872 1142 in
892 1079 1055 1142 solidorum
1076 1094 1235 1158 corporum
1254 1075 1332 1138 ima·

158 1188 291 1272 ginibus.
312 1187 379 1252 licet
393 1186 466 1270 ipsis
482 1185 604 1250 minime
618 1185 734 1258 solidis,
755 1203 819 1248 esse
835 1193 935 1246 temon
950 1182 1059 1265 aliquid
1071 1181 1150 1244 unde
1163 1179 1330 1243 solidorum

159 1311 210 1357 eas
221 1310 379 1374 corporum
393 1289 535 1374 imagines
547 1309 611 1352 esse
617 1306 823 1371 agnoscamus.
835 1287 894 1350 Sed
903 1295 936 1350 ut
947 1297 1059 1348 tacenru
1073 1285 1119 1349 six
1130 1283 1158 1346 iu
1170 1281 1236 1346 solo
1248 1281 1332 1346 abla-

160 1397 221 1460 tiro
236 1414 306 1460 nasu
322 1395 466 1476 designari
482 1393 625 1477 potuisse,
641 1405 670 1456 et
686 1411 723 1456 ne
737 1393 835 1459 addita
856 1391 976 1470 quidem
995 1389 1215 1476 praepositione
1236 1407 1333 1462 cum,
1379 1409 1383 1414 ’
1446 1420 1453 1432 ·

161 1499 249 1566 sliam
265 1498 365 1562 stetim
382 1497 583 1562 dilbeultstem
601 1498 744 1562 obiiciunt
756 1497 889 1580 proxima
905 1496 1008 1560 rerba:
1024 1495 1087 1558 sed
1103 1493 1333 1577 imaginibus

162 1601 416 1667 similitudine
431 1611 467 1664 et
482 1601 707 1664 transitione
722 1601 922 1683 perceptis.
946 1599 1019 1662 b'nrn
1036 1598 1274 1682 bsecoppositio
1288 1597 1334 1659 aie

163 1707 283 1769 demum
299 1704 375 1768 iuste
390 1705 482 1778 iuret,
497 1704 522 1768 si
536 1705 629 1768 solide
644 1723 767 1786 corpora
783 1723 845 1766 non
860 1703 931 1766 item
948 1701 1125 1783 imaginibus
1137 1711 1334 1764 cernerentur
1373 1723 1378 1730 ·

163 1807 193 1870 in
208 1810 310 1872 oeulos
323 1806 557 1880 transeuntibus,
579 1807 658 1889 quod
675 1817 777 1870 cotnra
792 1827 876 1883 esse,
897 1806 1016 1889 Epicuri
1036 1806 1156 1888 quidem
1172 1803 1332 1874 sententis.

164 1913 230 1993 quis
245 1907 364 1976 nescit?
377 1911 453 1986 Quid
470 1910 558 1992 igitur
571 1907 727 1974 dicemus?
742 1909 829 1983 ltibit,
847 1911 964 1992 opinor.
981 1909 1037 1973 nisi
1052 1910 1214 1973 fatebimur
1227 1926 1332 1972 senam

160 2033 194 2078 ac
205 2025 315 2078 certem
329 2013 416 2076 buius
426 2013 481 2076 loci
493 2013 766 2094 interpretationem
779 2014 935 2094 excogitari
947 2015 1056 2076 nullam
1069 2033 1166 2094 prosse.
1183 2012 1334 2092 riderique

162 2117 333 2180 ctoronem
350 2115 447 2197 ipsum
469 2113 539 2194 quid
559 2115 701 2177 scriberet
720 2133 781 2177 nou
802 2115 989 2178 intellexisse.
1032 2115 1133 2194 Neque
1155 2133 1273 2186 uereor,
1294 2132 1333 2175 ne

63 2265 67 2274 .
162 2219 231 2302 quis
247 2219 335 2282 ninds
356 2235 472 2298 grutem
495 2215 548 2279 bec
563 2217 732 2298 suspicione
754 2217 890 2280 iniuriam
911 2217 1020 2280 silleri
1041 2218 1164 2292 clamem
1183 2235 1253 2279 nam
1275 2217 1334 2279 boc

162 2323 251 2395 idom,
268 2331 301 2384 ut
316 2339 391 2402 quae
405 2319 546 2382 scriberet
561 2337 620 2382 non
637 2321 821 2401 intelligeret,
833 2321 921 2382 etiam
938 2321 969 2382 in
984 2321 1187 2383 convertendo
1203 2320 1334 2382 Platonis

114 2447 116 2452 ’
162 2423 283 2485 Timaeo
300 2439 361 2482 non
376 2422 467 2483 semel
483 2419 538 2482 sibi
553 2421 692 2485 accidisse
708 2423 771 2504 ipse
787 2422 912 2503 ingenue
925 2424 1076 2504 professus
1091 2425 1208 2503 ειμι).
1252 2425 1334 2485 con-

164 2543 277 2590 versam
300 2525 388 2586 etiarn
413 2523 489 2586 bunc
506 2523 604 2587 l'elleii
625 2525 855 2608 disputetionem
876 2545 911 2588 ex
931 2545 1037 2607 graeco
1058 2526 1181 2590 alicuius
1197 2525 1334 2608 Epicurei

163 2627 248 2698 libro.
264 2625 429 2690 l'ltilodemi
446 2636 479 2689 ut
494 2625 617 2694 ridetur.
632 2628 669 2690 sb
680 2649 716 2689 eo
728 2641 915 2692 esserertum
931 2635 985 2700 ost.
1000 2629 1122 2712 benique
1133 2630 1215 2694 lseile
1227 2629 1334 2712 potuit,

164 2741 197 2794 ut
213 2734 298 2794 verim
314 2749 415 2812 groocn
431 2747 493 2791 non
507 2739 585 2792 recte
600 2743 737 2815 peropto
753 2731 840 2794 latine
855 2742 1000 2814 querutum
1017 2744 1119 2816 posset
1134 2734 1281 2806 redderet,
1297 2731 1335 2794 de

164 2851 231 2896 vers
258 2831 469 2915 signiticniono
492 2841 575 2895 tanto
602 2833 701 2896 uninus
732 2834 859 2898 tortasse
886 2835 1044 2914 sollicitus,
1070 2846 1183 2919 quanto
1210 2835 1335 2898 minoris

166 2953 287 2998 omnem
304 2936 380 2996 hanc
395 2931 513 3014 Epicuri
527 2933 692 3000 doctrinam
707 2941 886 3001 neatimnret.

251 3037 312 3099 lem
335 3035 371 3098 de
388 3035 524 3117 Diogenis
545 3040 609 3100 loco
625 3040 782 3103 videndum
797 3051 843 3103 est
862 3059 952 3123 supra
967 3039 1105 3104 indicato.
1149 3041 1278 3124 lsrulgo
1292 3039 1338 3118 aig

165 3140 318 3204 scribetur:
346 3131 381 3200 b
402 3129 517 3214 ἄλλοις
539 3135 577 3202 tle'
597 3159 680 3228 ppos
704 3143 861 3224 (Epicurus
875 3145 998 3218 scilieet)
1021 3139 1099 3219 reis
1121 3143 1224 3220 benig
1244 3140 1336 3230 λόγῳ

164 3237 364 3328 θεωρητούς.
387 3230 446 3318 nic
467 3237 526 3322 pia
548 3237 618 3306 κατ’
635 3237 783 3328 decemb
796 3237 1000 3330 ὑφεστῶτας.
1023 3234 1081 3322 οὓς
1096 3243 1134 3310 δὲ
1147 3248 1233 3312 κατὰ
1255 3240 1336 3331 ὁμι-

166 3343 273 3409 ιιὸίαν
295 3339 331 3405 ἐκ
352 3342 412 3419 cic
434 3341 586 3422 συνεχοῦς
607 3339 812 3432 ἐπιρρύσεως
826 3347 893 3411 τῶν
914 3339 1039 3429 inscium
1063 3341 1207 3413 siddim
1220 3345 1280 3416 lert
1295 3347 1336 3416 eti

167 3438 248 3508 eled
277 3435 590 3525 ἀποτετελεσμένωι·
617 3441 891 3532 ἅνθρωποιιὸὠς.
938 3452 1015 3515 llnec
1041 3451 1067 3516 si
1095 3474 1166 3518 sana
1192 3455 1337 3539 scriptura

165 3557 224 3623 est,
253 3547 312 3612 duo
335 3547 460 3611 deorum
483 3565 589 3628 genera
611 3551 750 3634 distingui
772 3563 909 3635 apparet,
938 3558 1063 3618 altorum
1092 3549 1165 3621 κατ’
1186 3550 1339 3640 ἀριθμὸν
1454 3609 1458 3614 .

167 3643 328 3736 imoensis,
354 3649 481 3714 alterum
508 3650 592 3714 euius
615 3652 757 3736 imagines
782 3655 911 3718 bumana
932 3659 1031 3740 specie
1046 3661 1189 3725 contiuuo
1204 3663 1338 3736 elllusnt,

167 3754 284 3836 quales,
304 3753 330 3816 si
351 3752 428 3816 bane
442 3751 659 3834 oppositionem
675 3766 754 3820 recte
769 3777 802 3820 se
817 3757 926 3821 bebere
937 3761 1103 3832 credimus.
1122 3781 1158 3824 er
1174 3763 1224 3825 illo
1239 3763 1339 3846 priore

47 3919 49 3924 ,
166 3873 273 3938 genere
296 3871 357 3940 non
378 3855 500 3916 elbuere
523 3855 669 3921 sidentur.
713 3849 796 3922 Κατ’
818 3851 968 3939 ἀριθμὸν
995 3853 1185 3949 insecuisse
1208 3865 1338 3930 dubiost
1416 3867 1426 3880 '

153 3975 229 4020 ,ιιοιι
245 3967 345 4042 potest
364 3954 438 4040 quin
459 3957 480 4056 li
501 3955 650 4032 dieantur,
667 3977 796 4042 quorum
812 3973 911 4025 certus
925 3961 1032 4046 aliquis
1045 3983 1191 4030 uumerus
1205 3967 1255 4043 sit,
1270 3969 1335 4052 qui-

168 4080 226 4144 quo
248 4059 399 4143 numerari
424 4067 455 4124 et
479 4059 647 4142 singillatim
670 4063 810 4146 distingui
836 4067 965 4148 possint:
991 4067 1021 4132 id
1046 4069 1134 4152 igitur
1159 4071 1188 4135 in
1210 4073 1339 4138 nitentur

169 4163 288 4248 quidem
302 4179 396 4246 genus
410 4162 534 4226 deorum
546 4165 662 4244 cadere,
677 4165 708 4228 in
718 4167 955 4234 alterumautenu
967 4189 1029 4235 nou
1040 4175 1145 4238 cadere
1155 4176 1339 4258 colligemus.
1435 4167 1446 4176 “

173 4323 373 4335 nm·

239 4405 283 4467 26)
301 4401 427 4458 Memorat
447 4405 496 4459 boe
514 4405 699 4478 ilieranpnna,
719 4426 809 4466 sonu.
826 4414 852 4466 ia
863 4413 966 4470 Esaia·
981 4416 1028 4470 lli.
1039 4417 1097 4472 xtl.
1114 4419 1194 4488 praei.
1206 4420 1281 4477 ‘ru
1293 4421 1339 4478 Ν.

156 4485 552 4563 ,permanendum
577 4489 1119 4561 dunstanum-blesorum
