3266 4958
755 415 906 514 -ο-ο-

235 603 328 668 dubie
339 601 444 686 aplius,
459 621 550 686 quarn
564 603 616 667 uni
631 611 728 667 antro.
754 605 857 689 Neque
868 605 1062 689 improbabile
1073 612 1157 689 pulo,
1172 605 1329 688 proprium
1343 604 1413 669 huie

234 717 326 770 antro
341 725 450 769 nomen
466 708 581 770 nullum
597 707 699 784 luisse,
715 719 803 793 alque
818 711 894 775 liano
909 709 1042 794 Euripidi
1057 727 1177 774 causam
1189 709 1292 785 luisse,
1308 717 1414 773 utnon

144 819 146 822 ’
234 809 293 874 alio
309 809 382 873 illud
398 829 486 892 quam
510 811 602 875 totius
616 814 681 876 eius
696 815 798 896 partis,
815 815 844 876 in
859 833 916 897 qua
932 815 1024 878 situm
1044 821 1117 888 erat,
1140 813 1262 876 nomino
1277 813 1412 894 designa-

234 922 293 976 rel.
340 913 415 977 Nam
432 917 687 997 quemadmodum
703 926 822 982 antrum
839 919 870 981 in
886 937 959 1001 rupe
975 915 1067 1003 κοίλη
1081 910 1190 996 πέτρα
1205 897 1349 978 dieiiurr.
1363 912 1413 987 31,

234 1016 281 1080 sio
294 1017 389 1081 eliam
405 1015 515 1084 κοῖλαι
541 1017 681 1104 Μακραὶ
703 1021 760 1085 dici
776 1021 881 1104 poluit.
915 1023 953 1086 Et
969 1039 1030 1086 non
1044 1019 1200 1103 proprium
1216 1017 1335 1100 aliquot]
1350 1015 1414 1080 eius

234 1137 354 1186 nomen
373 1122 466 1186 luisse
488 1123 578 1188 etiam
598 1125 667 1189 hino
688 1125 812 1190 fortasse
833 1125 967 1207 colligas,
989 1125 1069 1208 «pund
1089 1145 1117 1187 v.
1141 1125 1222 1187 1415
1243 1118 1416 1206 Κέκροπος

235 1215 360 1310 ἄντρον
374 1228 488 1307 tlicilm,
504 1247 565 1294 non
580 1227 666 1294 aliam
683 1229 722 1294 oli
736 1247 866 1302 oausam,
887 1230 1004 1314 opinor,
1020 1248 1111 1314 quam
1127 1227 1208 1311 quoii
1223 1226 1255 1290 in
1269 1245 1344 1311 rupe
1358 1227 1415 1290 Ce-

236 1331 359 1415 cropiae
373 1333 438 1396 luit.

329 1436 363 1498 ln
379 1455 465 1500 versu
483 1439 532 1511 14,
549 1437 599 1500 ubi
614 1437 650 1501 tle
666 1441 792 1501 Creusae
807 1437 977 1518 granditate
993 1437 1112 1512 dicitur,

444 1531 550 1624 α’γνώς
572 1533 612 1605 δέ
633 1543 752 1628 πατρί·
777 1538 823 1630 τῷ
844 1542 919 1628 θεῷ
942 1534 1004 1624 γὰρ
1027 1525 1066 1626 ἦν
1088 1533 1198 1628 φίλον·

446 1639 588 1727 γαστρὸς
610 1637 749 1732 διήνεγκ’
773 1637 879 1730 ὄγκον,

238 1746 265 1809 si
280 1763 332 1808 mo
347 1747 481 1812 nonnihil
497 1749 737 1824 ο1ῐοοι1ἱι1ἰκοοο,
759 1751 897 1815 ridebunt
917 1751 981 1814 sino
1001 1749 1091 1814 lulio
1114 1753 1166 1812 ant
1187 1745 1417 1830 indignabuntur

239 1849 294 1932 qui
311 1849 446 1915 ooolioum
468 1863 498 1916 et
518 1853 706 1918 librariorum
729 1855 934 1920 auctoritatam
957 1854 1207 1918 renerorisolent.
1252 1851 1354 1932 Neque
1370 1858 1416 1913 ta·

241 1973 317 2017 mon
330 1955 385 2019 lros
401 1957 481 2038 ipsos
495 1969 654 2040 negaturos
669 1979 735 2022 osso
750 1961 850 2031 eredo,
867 1969 980 2044 patrem
997 1959 1034 2022 ele
1049 1960 1162 2041 puellae
1180 1955 1350 2039 gratidilnlo
1365 1973 1415 2018 oe·

242 2057 297 2120 lari
313 2059 402 2120 etiam
423 2061 487 2122 sino
510 2082 567 2142 ope
586 2062 683 2126 divina
704 2063 781 2125 lrouil
803 2065 920 2126 ‹lillieile
936 2063 1038 2138 luisse,
1062 2063 1171 2144 quippe
1183 2059 1234 2142 qui
1249 2058 1338 2120 saliam
1355 2074 1416 2120 non

242 2159 303 2222 nisi
317 2161 447 2224 restibus
462 2164 586 2226 relatam
603 2165 700 2228 videre
715 2165 833 2228 soleret.
878 2166 1035 2246 Aliquanto
1052 2164 1197 2228 dillioilius
1212 2171 1308 2224 mater
1328 2160 1415 2223 eolori

242 2261 361 2344 potuit.
382 2283 470 2344 quam
493 2265 614 2346 quidem
635 2267 790 2330 etiamtum
811 2269 1002 2350 superstilem
1024 2267 1117 2328 luisse
1137 2267 1265 2328 Cretum
1286 2261 1375 2324 verba
1389 2281 1416 2323 v.

242 2364 309 2428 907
328 2371 359 2427 et
380 2365 444 2428 912
465 2365 679 2431 derrronstrant.
731 2369 833 2450 ll'etpre
854 2379 952 2432 tamen
975 2369 1150 2440 uerendum,
1171 2385 1208 2430 ne
1224 2365 1292 2448 quis
1308 2353 1415 2446 ἀγνώς

242 2459 282 2528 δὲ
303 2465 403 2550 μητρί
415 2467 602 2548 repositurus
616 2469 664 2532 sit.
709 2469 768 2532 Sed
785 2462 890 2552 α’γνώς
912 2465 951 2534 δὲ
973 2470 1078 2544 πᾶσι,
1097 2470 1123 2532 si
1143 2486 1205 2532 non
1219 2466 1363 2548 seriptum
1378 2464 1415 2527 ab

241 2568 392 2649 Euripide,
407 2577 486 2632 certe
502 2570 608 2633 melius
624 2591 696 2644 esse,
713 2591 803 2652 quam
818 2572 898 2653 ‹puotl
910 2591 990 2636 nuno
1000 2572 1133 2653 legimus,
1148 2570 1226 2633 lraud
1238 2569 1321 2633 laosse
1333 2567 1416 2650 quis·

243 2689 336 2752 quam
350 2670 569 2749 ntuentium
585 2707 626 2718 -
641 2675 727 2748 Quod
742 2685 843 2738 autem
859 2693 950 2756 porro
965 2673 1129 2738 llereurius
1144 2679 1254 2742 narrat.

648 2769 693 2852 ὡς
716 2763 851 2862 δ’ἧλθεν
871 2769 999 2858 χρόνος,

430 2867 557 2940 τεκοῦο’
579 2871 615 2941 ἐν
636 2869 746 2954 οἴκοις
767 2869 864 2942 παῖδ’
887 2871 1070 2963 ἀπήνεγκεν
1092 2869 1214 2962 βρέφος
1276 2889 1288 2909 ’

430 2969 479 3055 εἷς
499 2971 620 3042 ταύτὸν
641 2971 759 3065 ἄντρον
781 2967 886 3064 οὗπερ
908 2972 1060 3066 poeninon
1083 2981 1167 3065 θεῷ,

243 3081 428 3164 pugnatione
442 3101 512 3146 eum
527 3083 619 3165 ipsius
635 3087 760 3147 Creusae
774 3083 967 3168 professione,
983 3102 1060 3165 quae
1075 3102 1101 3146 ν.
1118 3083 1181 3145 965
1196 3101 1257 3145 non
1272 3081 1353 3146 domi
1372 3101 1415 3156 so,

245 3185 299 3248 soil
316 3184 346 3247 in
358 3184 463 3248 eodem
479 3185 529 3249 illo
543 3196 639 3260 antro,
656 3187 687 3249 in
701 3205 760 3269 quo
772 3187 809 3250 nb
824 3187 959 3269 Apolline
978 3203 1150 3267 compressa
1169 3195 1266 3260 esset,
1288 3202 1415 3266 puerum

243 3287 360 3351 enixam
380 3309 447 3351 osso
467 3287 517 3352 ait
555 3289 632 3364 Quid
648 3287 760 3370 igitur?
780 3289 956 3352 llioemusne
971 3287 1116 3352 llereurio
1131 3307 1195 3352 rem
1210 3286 1356 3350 nonsatis
1372 3306 1415 3351 ao.

245 3400 347 3454 curate
362 3401 464 3455 notam
485 3391 604 3456 luisse?
623 3393 752 3456 Eandem
775 3393 864 3476 igitur
885 3391 1104 3455 excusationem
1124 3391 1256 3455 etiamr.
1276 3390 1315 3453 18
1330 3390 1415 3454 allii-

245 3493 315 3556 bera
330 3493 512 3570 delebimus,
533 3495 583 3558 ubi
604 3495 765 3560 Mercurius
782 3495 924 3558 Creusam
945 3495 1104 3575 puerulum
1124 3501 1157 3556 ut
1172 3493 1348 3574 periturum,
1371 3484 1416 3568 ὡς

244 3589 460 3677 θανούμενον,
475 3599 647 3681 exposuisse
661 3597 778 3674 dicitur,
793 3597 823 3661 lr.
838 3618 866 3661 o.
880 3597 1056 3662 riculeum
1070 3595 1237 3678 peritiorum
1249 3613 1315 3658 esse
1326 3613 1415 3676 prae·

243 3701 360 3786 sopiret,
376 3701 405 3766 il
421 3703 500 3787 quod
516 3703 660 3787 repetitur
674 3702 764 3768 etiam
779 3719 807 3766 v.
823 3701 874 3766 27.
919 3701 986 3785 ipsa
1004 3708 1105 3766 autem
1127 3698 1184 3765 lroo
1198 3707 1294 3784 negat.
1339 3697 1415 3762 llam

243 3823 272 3870 r.
287 3803 350 3870 982
364 3808 478 3891 roganti
494 3807 662 3892 paedagogo

429 3905 486 3976 σοὶ
508 3903 576 3989 δ’ἒς
594 3910 629 3976 τί
650 3901 722 3988 ild?
744 3900 900 3996 εἰσῆλθεν
921 3901 1072 3992 ἐκβαλεῖν
1091 3901 1223 3988 κέκνόνς

245 4015 422 4099 respondet:

431 4109 479 4195 οἷς
500 4113 558 4182 τὸν
578 4113 662 4183 θεὸν
683 4109 835 4181 σώσοντα
855 4105 914 4176 τόν
936 4103 964 4199 p?
986 4107 1087 4182 αὖιοῦ
1109 4109 1216 4202 γόνον,
1310 4202 1311 4207 ¹

246 4239 448 4254 *fi—

316 4271 340 4336 ‘l
357 4269 465 4336 ileliae,
487 4271 605 4339 loqnu,
619 4287 665 4326 noe
685 4278 770 4324 unsa
792 4275 928 4336 propteroa
944 4267 1030 4338 utinm
1052 4271 1235 4336 amoarium:
1257 4285 1314 4322 nam
1335 4267 1414 4320 onon

246 4371 273 4410 ν.
299 4357 350 4410 ³5⁴
365 4355 460 4411 Genua
476 4351 573 4428 λάθρᾳ
583 4351 691 4428 πατρὸς
706 4353 837 4422 vuabra
857 4353 966 4420 dieitur,
986 4354 1029 4423 qut
1044 4353 1118 4408 loom
1134 4369 1232 4410 omnem
1248 4354 1413 4408 montione·

247 4443 356 4511 moure
