3186 4958
790 513 942 614 Q

278 699 472 765 deliteseeret
516 697 590 764 Nem
612 700 690 766 bane
712 699 790 766 illius
811 703 891 766 verbi
912 699 1185 784 interpretationem
1211 703 1356 768 seriorem
1381 723 1447 770 esse

277 811 350 886 puto
366 821 455 884 quam
471 821 547 884 quas
562 821 579 866 a
594 802 705 866 llriteio
720 805 915 887 proponitur:
932 821 1053 866 omnem
1070 805 1184 885 copiam
1200 823 1301 870 rerum
1317 808 1447 889 agendo-

278 921 347 968 rum
362 904 518 984 iamneque
532 905 678 986 parandae
694 905 734 969 ita
749 907 1061 988 suceessori,ereptom
1077 925 1152 979 esso,
1167 915 1201 970 ut
1215 925 1313 989 nequo
1325 909 1447 972 bolseret

236 1029 238 1034 ·
272 1005 303 1068 in
318 1024 379 1088 quo
394 1025 497 1070 eurem
512 1025 597 1070 suam
613 1007 793 1082 ostenderet,
809 1025 905 1090 neque
920 1026 954 1071 eo
968 1009 1076 1070 lumem
1088 1017 1306 1088 assequeretur.
1328 1009 1445 1074 Etenim

273 1107 353 1190 quod
369 1109 508 1172 obruitur
522 1107 559 1172 ab
573 1109 691 1192 aliquo,
713 1109 741 1173 id
762 1130 827 1174 esse
843 1119 943 1173 tamen
958 1119 988 1174 et
1004 1109 1101 1192 ipsum
1117 1109 1227 1191 aliquid
1249 1127 1368 1174 necesse
1382 1119 1445 1174 est:

175 1271 178 1276 .
274 1211 321 1276 eui
337 1220 437 1276 autom
453 1211 552 1276 omnis
571 1211 692 1275 curandi
712 1219 742 1276 et
760 1213 870 1276 lamam
893 1212 1054 1296 quooremli
1076 1213 1191 1276 oomsio
1214 1223 1366 1299 praerepta
1388 1221 1445 1290 est,

272 1311 362 1380 buius
384 1333 421 1380 oe
442 1335 508 1380 esse
529 1313 648 1398 quidem
674 1315 734 1380 ulla
755 1334 826 1380 eura
847 1315 984 1400 lenteque
1005 1323 1121 1400 potest:
1149 1334 1224 1398 quae
1245 1327 1345 1382 nutem
1366 1317 1445 1383 nulla

271 1428 351 1496 sunt,
371 1419 443 1486 lesos
462 1419 546 1484 obrui
568 1437 629 1484 non
650 1427 803 1510 possunt
821 1418 923 1505 Neque
945 1420 1088 1507 probetur
1108 1419 1222 1484 diverse
1243 1420 1445 1506 interpretatio

271 1521 307 1587 iis
322 1523 409 1600 loeis,
425 1541 501 1608 quos
515 1523 644 1588 liriteius
659 1524 855 1608 compererit,
872 1527 939 1609 bgr.
955 1545 981 1590 o.
997 1525 1055 1599 to,
1071 1525 1107 1588 li:
1126 1525 1264 1590 multos
1280 1537 1444 1592 veterum
1518 1587 1521 1594 .

272 1626 409 1692 oblivio
428 1627 563 1692 obruit
598 1628 657 1692 Cic.
673 1627 710 1690 de
726 1637 800 1692 orat.
818 1629 839 1702 l,
857 1629 908 1702 25,
933 1629 1008 1692 liii:
1031 1629 1085 1692 ita
1104 1629 1290 1712 quidquid
1311 1639 1383 1704 est,
1410 1631 1445 1694 in

271 1745 343 1812 quo
359 1729 583 1806 offenditur,
605 1730 637 1794 ld
658 1729 770 1796 etiam
786 1732 863 1801 illa.
879 1749 970 1814 quoe
985 1731 1167 1794 laudanda
1182 1741 1286 1806 sunt,
1308 1731 1444 1796 obruit.

274 1831 334 1896 llos
349 1840 449 1898 sulem
464 1835 633 1917 exemplum
645 1834 722 1898 baud
734 1835 869 1898 nissimile
881 1835 969 1898 leuius
982 1833 1075 1897 nostri
1089 1835 1336 1918 comparabimus,
1352 1835 1445 1899 Valer.

241 1961 246 1970 ·
272 1932 347 2000 llas.
363 1937 386 2010 l,
405 1936 483 2012 bd:
499 1936 1249 2001 Obruiturtotilustribuseonsularibus
1265 1937 1296 2000 l..
1312 1937 1445 2002 Furius

273 2035 1445 2124 utbseutos‚oxenpttqnetoeomsixpostttereetluninventu

273 2140 338 2203 sed
358 2139 410 2222 pii
430 2140 538 2204 simul
554 2139 592 2205 a'e
606 2141 775 2222 religiosi
790 2143 902 2206 animi
917 2143 1021 2206 loude
1036 2141 1276 2207 lroudsndus
1291 2161 1363 2208 uon
1378 2153 1444 2208 est.

274 2241 420 2306 Obrutum
436 2242 466 2307 b.
483 2263 510 2307 e.
527 2243 715 2306 obscuratum
730 2245 861 2308 Valerius
877 2243 1048 2308 bibaculum
1070 2245 1139 2306 dicit
1159 2245 1317 2308 illustrium
1334 2265 1444 2311 eonsu-

274 2343 391 2418 lnrium
405 2362 535 2426 quorum
550 2355 635 2408 onteo
651 2347 835 2410 mentionem
851 2347 970 2420 lecerat,
985 2344 1070 2408 iootis
1085 2345 1254 2426 praeclaris.
1270 2357 1304 2410 ut
1319 2348 1365 2410 vix
1380 2347 1444 2430 ipso

275 2445 307 2509 in
331 2447 473 2530 exemplis
494 2457 684 2526 numereturp
705 2451 757 2515 sed
776 2469 837 2514 nou
860 2458 959 2513 temen
980 2467 1032 2512 sus
1053 2447 1139 2510 loude
1159 2447 1354 2512 iraudandum
1370 2471 1445 2514 osse.

276 2549 390 2613 Eodem
421 2549 512 2612 modo
534 2547 864 2626 Tacitusobsouretam
887 2549 1007 2614 Cerialis
1033 2549 1164 2614 claritate
1184 2549 1318 2614 Frontini
1343 2571 1445 2617 eurem

274 2651 446 2737 famamque
472 2655 552 2730 dicit,
571 2664 612 2720 .ut
639 2655 684 2720 rin
710 2674 765 2738 pro
791 2653 897 2717 merito
923 2658 1115 2734 aqnosentur:
1140 2653 1193 2717 sed
1219 2653 1319 2718 deberi
1345 2663 1446 2720 tamen

274 2755 418 2822 Frontino
433 2755 510 2822 bone
524 2758 651 2834 taudem,
667 2766 701 2822 ut
714 2755 890 2822 sustinuisse
905 2755 1008 2840 utique
1023 2757 1146 2830 molem,
1167 2755 1198 2820 lt.
1214 2774 1240 2818 e.
1256 2755 1333 2820 baud
1350 2758 1447 2840 imper

277 2865 358 2924 oens
379 2859 452 2924 moli
472 2861 563 2926 luisse
584 2861 709 2926 dicotur.
755 2859 891 2942 Utique
912 2857 1083 2922 adverbium
1105 2857 1206 2922 intuli
1231 2861 1445 2924 sententiarum

161 3017 165 3024 .
275 2979 355 3040 pexu
379 2961 569 3044 aptissimum
595 2972 655 3026 est:
682 2961 826 3043 signilloat
845 2965 925 3027 onim
947 2965 1009 3027 iere
1030 2962 1118 3037 idem,
1139 2961 1219 3044 quod
1242 2982 1297 3027 nos
1321 2963 1446 3028 dicimus

273 3065 495 3150 jedeuialls‚
511 3084 570 3147 quo
585 3065 763 3130 indicemus:
780 3073 847 3130 utut
861 3065 1034 3147 ceteroquin
1048 3082 1096 3127 res
1111 3071 1166 3138 est,
1182 3064 1240 3128 hoo
1254 3071 1332 3128 certe
1347 3084 1371 3128 s.
1389 3067 1447 3131 boo

275 3172 381 3236 saltem
404 3187 506 3234 serum
527 3179 582 3234 est.
626 3168 700 3233 Nom
723 3173 801 3250 quod
824 3168 1167 3244 hunnimundum
1190 3169 1308 3233 Lueret.
1328 3189 1357 3251 p.
1373 3168 1446 3244 250,

276 3277 403 3361 utique
427 3273 546 3358 proprio
567 3273 730 3356 significare
755 3283 791 3338 et
816 3277 867 3338 ita
894 3275 1038 3355 quidem
1065 3271 1120 3337 uti
1140 3279 1309 3356 oportet,
1330 3271 1447 3354 probari

276 3397 338 3444 non
353 3387 469 3462 potest:
493 3395 562 3458 que
583 3375 614 3438 iu
636 3375 692 3440 boe
713 3379 855 3460 purtieula
876 3377 988 3440 nullam
1010 3377 1098 3441 babet
1118 3377 1275 3458 copulandi
1289 3377 1363 3450 eim,
1386 3391 1447 3438 nou

277 3483 478 3565 magisquam
494 3483 524 3546 in
542 3479 703 3564 ubique,
727 3483 901 3566 quisque,
924 3489 1099 3563 uterque,
1123 3481 1356 3563 quandoque.

363 3585 432 3667 Cap.
449 3583 530 3660 xlx,
546 3585 582 3647 5:
614 3585 775 3668 Namque
800 3603 865 3669 per
884 3585 1090 3650 ludibrium
1115 3583 1284 3650 assidere
1308 3583 1447 3647 olausis

275 3684 425 3751 horreis
439 3695 473 3750 et
487 3705 607 3752 emere
623 3688 721 3752 ultro
735 3689 921 3753 frumenta
935 3689 1111 3755 acludere
1126 3687 1249 3772 pretio
1264 3686 1448 3769 cogeban-

275 3797 345 3853 tur.
388 3787 447 3854 Pro
462 3807 502 3854 ae
515 3789 663 3870 ludere,
678 3793 759 3875 quod
773 3801 950 3875 eorruptum
965 3812 1031 3856 esse
1045 3801 1178 3878 apparet,
1194 3791 1376 3854 Puteolanus
1391 3789 1447 3852 de-

275 3891 320 3956 dit
334 3911 375 3956 ae
389 3895 566 3975 rendere,
587 3914 678 3980 quem
694 3895 943 3973 emendationem,
962 3895 1032 3958 lieet
1050 3913 1066 3958 a
1086 3895 1235 3978 plerisque
1251 3903 1400 3976 receptam
1416 3898 1448 3955 et

276 4013 403 4077 operose
417 4015 435 4060 ιι
449 3997 581 4063 watstein
596 3999 763 4074 dolensem,
778 3999 860 4062 nullo
875 3998 964 4061 modo
978 3997 1161 4080 probandam
1176 3996 1268 4060 luisse
1283 3994 1447 4059 rectissime

274 4099 397 4165 wexius
420 4099 571 4166 intellexit.
611 4102 678 4186 lpse
698 4102 852 4186 proposuit
873 4119 915 4165 ae
933 4099 1033 4165 luere
1052 4100 1188 4184 pretio,
1209 4119 1270 4182 quo
1291 4095 1448 4180 significari
1476 4137 1480 4146 .

275 4203 340 4268 rult
353 4205 431 4288 quod
447 4223 504 4268 nos
519 4207 673 4270 vernacule
693 4205 818 4270 dicimus
836 4205 901 4268 mit
920 4203 1035 4269 Gelda
1057 4203 1208 4268 btlsson:
1230 4221 1298 4267 nam
1313 4200 1447 4284 potuisse

277 4304 381 4372 luere
395 4307 452 4374 hoe
465 4325 557 4372 seusu
570 4309 659 4373 etiam
673 4308 808 4372 absolute
822 4308 894 4384 diei,
909 4319 943 4373 ut
957 4309 1001 4385 id,
1022 4307 1102 4392 quod
1118 4297 1246 4381 luerent,
1267 4303 1447 4368 subaudien-

278 4405 352 4472 dum
369 4409 528 4474 lectoribus
542 4411 774 4494 relinqueretur:
790 4411 869 4494 quod
884 4410 955 4496 quid
971 4431 1036 4476 esse
1051 4409 1155 4494 possit,
1170 4407 1309 4492 equidem
1325 4425 1374 4471 me
1387 4421 1450 4469 nou

278 4509 440 4598 uotttesn
458 4513 565 4580 lateor.
594 4513 722 4580 tntum
742 4514 863 4598 suipsit
886 4531 926 4579 ae
949 4513 1162 4596 rseludsrs,
1187 4509 1448 4598 meexpttesttooe
