<?xml version="1.0" encoding="UTF-8"?>
<!DOCTYPE html PUBLIC "-//W3C//DTD XHTML 1.0 Transitional//EN"
    "http://www.w3.org/TR/xhtml1/DTD/xhtml1-transitional.dtd">
<html xmlns="http://www.w3.org/1999/xhtml" xml:lang="en" lang="en">
 <head>
  <title>
</title>
<meta http-equiv="Content-Type" content="text/html;charset=utf-8" />
  <meta name='ocr-system' content='tesseract 3.04.00' />
  <meta name='ocr-capabilities' content='ocr_page ocr_carea ocr_par ocr_line ocrx_word'/>
</head>
<body>
  <div class='ocr_page' id='page_1' title='image "./opusculaacademi00schgoog_0017.png"; bbox 0 0 3266 4958; ppageno 0'>
   <div class='ocr_carea' id='block_1_1' title="bbox 169 1239 1254 1340">
    <p class='ocr_par' dir='ltr' id='par_1_1' title="bbox 169 1239 1254 1340">
     <span class='ocr_line' id='line_1_1' title="bbox 169 1239 1254 1340; baseline -0.005 0"><span class='ocrx_word' id='word_1_1' title='bbox 169 1243 381 1340; x_wconf 77' lang='lat' dir='ltr'><strong>vullltll</strong></span> <span class='ocrx_word' id='word_1_2' title='bbox 407 1239 685 1338; x_wconf 72' lang='lat' dir='ltr'><strong>scltt’lottttlt</strong></span> <span class='ocrx_word' id='word_1_3' title='bbox 711 1241 984 1338; x_wconf 79' lang='lat' dir='ltr'><strong>slllsltlll</strong></span> <span class='ocrx_word' id='word_1_4' title='bbox 1009 1241 1068 1334; x_wconf 87' lang='lat' dir='ltr'><strong>DE</strong></span> <span class='ocrx_word' id='word_1_5' title='bbox 1093 1240 1254 1338; x_wconf 73' lang='lat' dir='ltr'><strong>tilulo.</strong></span> 
     </span>
    </p>
   </div>
   <div class='ocr_carea' id='block_1_2' title="bbox 130 1494 1296 1594">
    <p class='ocr_par' dir='ltr' id='par_1_2' title="bbox 130 1494 1296 1594">
     <span class='ocr_line' id='line_1_2' title="bbox 130 1494 1296 1594; baseline -0.003 -18"><span class='ocrx_word' id='word_1_6' title='bbox 130 1494 303 1594; x_wconf 79' lang='lat' dir='ltr'><strong>Imperator</strong></span> <span class='ocrx_word' id='word_1_7' title='bbox 321 1508 358 1572; x_wconf 88' lang='lat' dir='ltr'><strong>ll.</strong></span> <span class='ocrx_word' id='word_1_8' title='bbox 375 1507 509 1572; x_wconf 71' lang='lat' dir='ltr'><strong>Aurelius</strong></span> <span class='ocrx_word' id='word_1_9' title='bbox 525 1507 705 1582; x_wconf 74' lang='lat' dir='ltr'><strong>Antoninus,</strong></span> <span class='ocrx_word' id='word_1_10' title='bbox 727 1507 751 1570; x_wconf 89' lang='lat' dir='ltr'><strong>is</strong></span> <span class='ocrx_word' id='word_1_11' title='bbox 771 1507 822 1589; x_wconf 84' lang='lat' dir='ltr'><strong>qui</strong></span> <span class='ocrx_word' id='word_1_12' title='bbox 841 1505 1036 1589; x_wconf 85' lang='lat' dir='ltr'><strong>philosophus</strong></span> <span class='ocrx_word' id='word_1_13' title='bbox 1056 1505 1120 1570; x_wconf 88' lang='lat' dir='ltr'><strong>iure</strong></span> <span class='ocrx_word' id='word_1_14' title='bbox 1142 1509 1296 1590; x_wconf 91' lang='lat' dir='ltr'><strong>cognomi·</strong></span> 
     </span>
    </p>
   </div>
   <div class='ocr_carea' id='block_1_3' title="bbox 132 1608 1394 1695">
    <p class='ocr_par' dir='ltr' id='par_1_3' title="bbox 132 1608 1394 1695">
     <span class='ocr_line' id='line_1_3' title="bbox 132 1608 1394 1695; baseline -0.002 -19"><span class='ocrx_word' id='word_1_15' title='bbox 132 1622 219 1678; x_wconf 85' lang='lat' dir='ltr'><strong>notus</strong></span> <span class='ocrx_word' id='word_1_16' title='bbox 238 1621 299 1686; x_wconf 85' lang='lat' dir='ltr'><strong>est,</strong></span> <span class='ocrx_word' id='word_1_17' title='bbox 320 1611 351 1674; x_wconf 94' lang='lat' dir='ltr'><strong>in</strong></span> <span class='ocrx_word' id='word_1_18' title='bbox 370 1611 412 1674; x_wconf 85' lang='lat' dir='ltr'><strong>eis</strong></span> <span class='ocrx_word' id='word_1_19' title='bbox 432 1627 507 1692; x_wconf 85' lang='lat' dir='ltr'><strong>quae</strong></span> <span class='ocrx_word' id='word_1_20' title='bbox 528 1611 564 1672; x_wconf 92' lang='lat' dir='ltr'><strong>de</strong></span> <span class='ocrx_word' id='word_1_21' title='bbox 585 1619 682 1673; x_wconf 88' lang='lat' dir='ltr'><strong>semet</strong></span> <span class='ocrx_word' id='word_1_22' title='bbox 701 1611 766 1692; x_wconf 89' lang='lat' dir='ltr'><strong>ipso</strong></span> <span class='ocrx_word' id='word_1_23' title='bbox 787 1610 896 1692; x_wconf 84' lang='lat' dir='ltr'><strong>scripta</strong></span> <span class='ocrx_word' id='word_1_24' title='bbox 911 1608 1043 1690; x_wconf 81' lang='lat' dir='ltr'><strong>reliquit,</strong></span> <span class='ocrx_word' id='word_1_25' title='bbox 1062 1619 1176 1692; x_wconf 87' lang='lat' dir='ltr'><strong>gratam</strong></span> <span class='ocrx_word' id='word_1_26' title='bbox 1191 1629 1296 1674; x_wconf 74' lang='lat' dir='ltr'><strong>eonem</strong></span> <span class='ocrx_word' id='word_1_27' title='bbox 1393 1691 1394 1695; x_wconf 7' lang='grc' dir='ltr'><strong>Ἰ</strong></span> 
     </span>
    </p>
   </div>
   <div class='ocr_carea' id='block_1_4' title="bbox 130 1712 1356 2520">
    <p class='ocr_par' dir='ltr' id='par_1_4' title="bbox 130 1712 1356 2520">
     <span class='ocr_line' id='line_1_4' title="bbox 133 1712 1298 1796; baseline -0.003 -16"><span class='ocrx_word' id='word_1_28' title='bbox 133 1715 314 1780; x_wconf 89' lang='lat' dir='ltr'><strong>mentionem</strong></span> <span class='ocrx_word' id='word_1_29' title='bbox 330 1715 409 1787; x_wconf 74' lang='lat' dir='ltr'><strong>lacit,</strong></span> <span class='ocrx_word' id='word_1_30' title='bbox 425 1731 553 1796; x_wconf 88' lang='lat' dir='ltr'><strong>quorum</strong></span> <span class='ocrx_word' id='word_1_31' title='bbox 569 1712 613 1776; x_wconf 85' lang='lat' dir='ltr'><strong>rel</strong></span> <span class='ocrx_word' id='word_1_32' title='bbox 628 1713 793 1796; x_wconf 76' lang='lat' dir='ltr'><strong>praeceptis</strong></span> <span class='ocrx_word' id='word_1_33' title='bbox 808 1721 838 1776; x_wconf 87' lang='lat' dir='ltr'><strong>et</strong></span> <span class='ocrx_word' id='word_1_34' title='bbox 851 1712 1003 1794; x_wconf 75' lang='lat' dir='ltr'><strong>disciplina</strong></span> <span class='ocrx_word' id='word_1_35' title='bbox 1020 1712 1063 1775; x_wconf 82' lang='lat' dir='ltr'><strong>rel</strong></span> <span class='ocrx_word' id='word_1_36' title='bbox 1073 1714 1298 1776; x_wconf 78' lang='lat' dir='ltr'><strong>conversatione</strong></span> 
     </span>
     <span class='ocr_line' id='line_1_5' title="bbox 130 1815 1299 1902; baseline -0.003 -19"><span class='ocrx_word' id='word_1_37' title='bbox 130 1828 162 1883; x_wconf 93' lang='lat' dir='ltr'><strong>ot</strong></span> <span class='ocrx_word' id='word_1_38' title='bbox 176 1817 311 1902; x_wconf 85' lang='lat' dir='ltr'><strong>exemplo</strong></span> <span class='ocrx_word' id='word_1_39' title='bbox 326 1817 469 1879; x_wconf 75' lang='lat' dir='ltr'><strong>virtutum</strong></span> <span class='ocrx_word' id='word_1_40' title='bbox 482 1815 617 1878; x_wconf 91' lang='lat' dir='ltr'><strong>omnium</strong></span> <span class='ocrx_word' id='word_1_41' title='bbox 631 1815 835 1897; x_wconf 89' lang='lat' dir='ltr'><strong>bonarumque</strong></span> <span class='ocrx_word' id='word_1_42' title='bbox 845 1815 954 1878; x_wconf 87' lang='lat' dir='ltr'><strong>artium</strong></span> <span class='ocrx_word' id='word_1_43' title='bbox 965 1833 1067 1878; x_wconf 91' lang='lat' dir='ltr'><strong>amoro</strong></span> <span class='ocrx_word' id='word_1_44' title='bbox 1079 1816 1195 1880; x_wconf 89' lang='lat' dir='ltr'><strong>animus</strong></span> <span class='ocrx_word' id='word_1_45' title='bbox 1206 1816 1299 1898; x_wconf 89' lang='lat' dir='ltr'><strong>ipsius</strong></span> 
     </span>
     <span class='ocr_line' id='line_1_6' title="bbox 132 1917 1299 2003; baseline -0.003 -19"><span class='ocrx_word' id='word_1_46' title='bbox 132 1923 199 1984; x_wconf 84' lang='lat' dir='ltr'><strong>inde</strong></span> <span class='ocrx_word' id='word_1_47' title='bbox 214 1941 230 1986; x_wconf 90' lang='lat' dir='ltr'><strong>a</strong></span> <span class='ocrx_word' id='word_1_48' title='bbox 245 1921 370 2003; x_wconf 86' lang='lat' dir='ltr'><strong>puerilia</strong></span> <span class='ocrx_word' id='word_1_49' title='bbox 386 1919 518 1983; x_wconf 88' lang='lat' dir='ltr'><strong>imbutus</strong></span> <span class='ocrx_word' id='word_1_50' title='bbox 533 1919 631 1981; x_wconf 83' lang='lat' dir='ltr'><strong>luerit.</strong></span> <span class='ocrx_word' id='word_1_51' title='bbox 662 1917 695 1980; x_wconf 92' lang='lat' dir='ltr'><strong>ln</strong></span> <span class='ocrx_word' id='word_1_52' title='bbox 709 1917 756 1980; x_wconf 86' lang='lat' dir='ltr'><strong>lris</strong></span> <span class='ocrx_word' id='word_1_53' title='bbox 770 1925 886 1992; x_wconf 86' lang='lat' dir='ltr'><strong>autem,</strong></span> <span class='ocrx_word' id='word_1_54' title='bbox 902 1937 978 1999; x_wconf 90' lang='lat' dir='ltr'><strong>quae</strong></span> <span class='ocrx_word' id='word_1_55' title='bbox 993 1917 1050 1980; x_wconf 91' lang='lat' dir='ltr'><strong>sibi</strong></span> <span class='ocrx_word' id='word_1_56' title='bbox 1064 1918 1100 1979; x_wconf 85' lang='lat' dir='ltr'><strong>ed</strong></span> <span class='ocrx_word' id='word_1_57' title='bbox 1114 1919 1204 1981; x_wconf 84' lang='lat' dir='ltr'><strong>ritam</strong></span> <span class='ocrx_word' id='word_1_58' title='bbox 1219 1928 1299 1981; x_wconf 87' lang='lat' dir='ltr'><strong>recte</strong></span> 
     </span>
     <span class='ocr_line' id='line_1_7' title="bbox 132 2019 1300 2106; baseline -0.002 -20"><span class='ocrx_word' id='word_1_59' title='bbox 132 2023 273 2106; x_wconf 80' lang='lat' dir='ltr'><strong>agendam</strong></span> <span class='ocrx_word' id='word_1_60' title='bbox 290 2023 419 2086; x_wconf 84' lang='lat' dir='ltr'><strong>maxime</strong></span> <span class='ocrx_word' id='word_1_61' title='bbox 432 2019 615 2103; x_wconf 71' lang='lat' dir='ltr'><strong>prodierint,</strong></span> <span class='ocrx_word' id='word_1_62' title='bbox 636 2019 694 2082; x_wconf 89' lang='lat' dir='ltr'><strong>hoo</strong></span> <span class='ocrx_word' id='word_1_63' title='bbox 708 2019 865 2102; x_wconf 87' lang='lat' dir='ltr'><strong>praecipue</strong></span> <span class='ocrx_word' id='word_1_64' title='bbox 879 2028 1035 2092; x_wconf 84' lang='lat' dir='ltr'><strong>numerat,</strong></span> <span class='ocrx_word' id='word_1_65' title='bbox 1056 2019 1135 2100; x_wconf 79' lang='lat' dir='ltr'><strong>quod</strong></span> <span class='ocrx_word' id='word_1_66' title='bbox 1151 2019 1188 2081; x_wconf 90' lang='lat' dir='ltr'><strong>ab</strong></span> <span class='ocrx_word' id='word_1_67' title='bbox 1202 2021 1300 2084; x_wconf 89' lang='lat' dir='ltr'><strong>amico</strong></span> 
     </span>
     <span class='ocr_line' id='line_1_8' title="bbox 132 2109 1356 2208; baseline -0.003 -20"><span class='ocrx_word' id='word_1_68' title='bbox 132 2127 187 2200; x_wconf 83' lang='lat' dir='ltr'><strong>rel,</strong></span> <span class='ocrx_word' id='word_1_69' title='bbox 203 2135 238 2189; x_wconf 91' lang='lat' dir='ltr'><strong>ut</strong></span> <span class='ocrx_word' id='word_1_70' title='bbox 252 2125 314 2208; x_wconf 89' lang='lat' dir='ltr'><strong>ipse</strong></span> <span class='ocrx_word' id='word_1_71' title='bbox 330 2124 381 2198; x_wconf 88' lang='lat' dir='ltr'><strong>ait,</strong></span> <span class='ocrx_word' id='word_1_72' title='bbox 396 2143 413 2187; x_wconf 88' lang='lat' dir='ltr'><strong>a</strong></span> <span class='ocrx_word' id='word_1_73' title='bbox 427 2123 518 2187; x_wconf 85' lang='lat' dir='ltr'><strong>iratre</strong></span> <span class='ocrx_word' id='word_1_74' title='bbox 530 2123 639 2185; x_wconf 82' lang='lat' dir='ltr'><strong>Severo</strong></span> <span class='ocrx_word' id='word_1_75' title='bbox 651 2121 841 2186; x_wconf 76' lang='lat' dir='ltr'><strong>informatam</strong></span> <span class='ocrx_word' id='word_1_76' title='bbox 853 2121 953 2186; x_wconf 88' lang='lat' dir='ltr'><strong>anime</strong></span> <span class='ocrx_word' id='word_1_77' title='bbox 964 2121 1101 2185; x_wconf 89' lang='lat' dir='ltr'><strong>habuerit</strong></span> <span class='ocrx_word' id='word_1_78' title='bbox 1112 2113 1300 2207; x_wconf 79' lang='grc' dir='ltr'><em>φαντασίαν</em></span> <span class='ocrx_word' id='word_1_79' title='bbox 1355 2109 1356 2112; x_wconf 35' lang='grc'><strong>“</strong></span> 
     </span>
     <span class='ocr_line' id='line_1_9' title="bbox 133 2215 1302 2311; baseline -0.005 -19"><span class='ocrx_word' id='word_1_80' title='bbox 133 2220 308 2304; x_wconf 76' lang='grc' dir='ltr'><em>πολιτείας</em></span> <span class='ocrx_word' id='word_1_81' title='bbox 336 2219 494 2308; x_wconf 73' lang='grc' dir='ltr'><strong><em>ἰσονόμου</em></strong></span> <span class='ocrx_word' id='word_1_82' title='bbox 522 2215 598 2288; x_wconf 79' lang='grc' dir='ltr'><strong>κατ’</strong></span> <span class='ocrx_word' id='word_1_83' title='bbox 626 2216 766 2310; x_wconf 75' lang='grc' dir='ltr'><em>ἰσότητα</em></span> <span class='ocrx_word' id='word_1_84' title='bbox 792 2220 849 2289; x_wconf 84' lang='grc' dir='ltr'><strong>καί</strong></span> <span class='ocrx_word' id='word_1_85' title='bbox 876 2215 1048 2311; x_wconf 70' lang='grc' dir='ltr'><em>ἰσηγορίαν</em></span> <span class='ocrx_word' id='word_1_86' title='bbox 1070 2219 1302 2310; x_wconf 72' lang='grc' dir='ltr'><strong>διοικουμένης</strong></span> 
     </span>
     <span class='ocr_line' id='line_1_10' title="bbox 133 2317 1302 2415; baseline -0.004 -20"><span class='ocrx_word' id='word_1_87' title='bbox 133 2329 189 2396; x_wconf 84' lang='grc' dir='ltr'><strong>καὶ</strong></span> <span class='ocrx_word' id='word_1_88' title='bbox 215 2323 390 2414; x_wconf 78' lang='grc' dir='ltr'><em>βασιλείας</em></span> <span class='ocrx_word' id='word_1_89' title='bbox 419 2321 568 2414; x_wconf 79' lang='grc' dir='ltr'><em>τιμώσης</em></span> <span class='ocrx_word' id='word_1_90' title='bbox 594 2321 729 2392; x_wconf 76' lang='grc' dir='ltr'><em>πάντων</em></span> <span class='ocrx_word' id='word_1_91' title='bbox 754 2317 904 2410; x_wconf 75' lang='grc' dir='ltr'><em>μάλιστα</em></span> <span class='ocrx_word' id='word_1_92' title='bbox 929 2323 990 2415; x_wconf 72' lang='grc' dir='ltr'><strong>την</strong></span> <span class='ocrx_word' id='word_1_93' title='bbox 1016 2321 1210 2412; x_wconf 73' lang='grc' dir='ltr'><em>ἐλευθερίαν</em></span> <span class='ocrx_word' id='word_1_94' title='bbox 1236 2329 1302 2391; x_wconf 80' lang='grc' dir='ltr'><strong>τῶν</strong></span> 
     </span>
     <span class='ocr_line' id='line_1_11' title="bbox 134 2425 1300 2520; baseline -0.003 -20"><span class='ocrx_word' id='word_1_95' title='bbox 134 2425 320 2520; x_wconf 76' lang='grc' dir='ltr'><em>ἀρχομένων</em></span> <span class='ocrx_word' id='word_1_96' title='bbox 331 2433 376 2510; x_wconf 81' lang='lat'><strong>¹),</strong></span> <span class='ocrx_word' id='word_1_97' title='bbox 396 2433 427 2495; x_wconf 86' lang='lat' dir='ltr'><strong>lr.</strong></span> <span class='ocrx_word' id='word_1_98' title='bbox 442 2451 468 2494; x_wconf 84' lang='lat' dir='ltr'><strong>o.</strong></span> <span class='ocrx_word' id='word_1_99' title='bbox 484 2431 644 2512; x_wconf 77' lang='lat' dir='ltr'><strong>imaginem</strong></span> <span class='ocrx_word' id='word_1_100' title='bbox 659 2430 703 2494; x_wconf 88' lang='lat' dir='ltr'><strong>rei</strong></span> <span class='ocrx_word' id='word_1_101' title='bbox 717 2431 849 2514; x_wconf 79' lang='lat' dir='ltr'><strong>ptublioae</strong></span> <span class='ocrx_word' id='word_1_102' title='bbox 864 2435 966 2516; x_wconf 81' lang='lat' dir='ltr'><strong>aequis</strong></span> <span class='ocrx_word' id='word_1_103' title='bbox 981 2433 1094 2516; x_wconf 86' lang='lat' dir='ltr'><strong>legibus</strong></span> <span class='ocrx_word' id='word_1_104' title='bbox 1109 2432 1300 2496; x_wconf 87' lang='lat' dir='ltr'><strong>administm-</strong></span> 
     </span>
    </p>
   </div>
   <div class='ocr_carea' id='block_1_5' title="bbox 20 2535 1302 2621">
    <p class='ocr_par' dir='ltr' id='par_1_5' title="bbox 20 2535 1302 2621">
     <span class='ocr_line' id='line_1_12' title="bbox 20 2535 1302 2621; baseline -0.003 -17"><span class='ocrx_word' id='word_1_105' title='bbox 20 2537 21 2540; x_wconf 68' lang='grc'>’</span> <span class='ocrx_word' id='word_1_106' title='bbox 133 2551 196 2614; x_wconf 83' lang='lat' dir='ltr'><strong>tae,</strong></span> <span class='ocrx_word' id='word_1_107' title='bbox 216 2539 246 2602; x_wconf 92' lang='lat' dir='ltr'><strong>in</strong></span> <span class='ocrx_word' id='word_1_108' title='bbox 269 2556 326 2621; x_wconf 90' lang='lat' dir='ltr'><strong>qua</strong></span> <span class='ocrx_word' id='word_1_109' title='bbox 347 2536 394 2601; x_wconf 86' lang='lat' dir='ltr'><strong>ius</strong></span> <span class='ocrx_word' id='word_1_110' title='bbox 414 2535 552 2600; x_wconf 87' lang='lat' dir='ltr'><strong>omnibus</strong></span> <span class='ocrx_word' id='word_1_111' title='bbox 574 2553 703 2618; x_wconf 88' lang='lat' dir='ltr'><strong>aequum</strong></span> <span class='ocrx_word' id='word_1_112' title='bbox 718 2545 796 2600; x_wconf 88' lang='lat' dir='ltr'><strong>esset</strong></span> <span class='ocrx_word' id='word_1_113' title='bbox 811 2542 841 2598; x_wconf 88' lang='lat' dir='ltr'><strong>et</strong></span> <span class='ocrx_word' id='word_1_114' title='bbox 855 2537 961 2618; x_wconf 80' lang='lat' dir='ltr'><strong>cuique</strong></span> <span class='ocrx_word' id='word_1_115' title='bbox 976 2556 1051 2621; x_wconf 78' lang='lat' dir='ltr'><strong>quae</strong></span> <span class='ocrx_word' id='word_1_116' title='bbox 1065 2537 1188 2601; x_wconf 86' lang='lat' dir='ltr'><strong>sentiret</strong></span> <span class='ocrx_word' id='word_1_117' title='bbox 1202 2537 1302 2619; x_wconf 85' lang='lat' dir='ltr'><strong>oloqui</strong></span> 
     </span>
    </p>
   </div>
   <div class='ocr_carea' id='block_1_6' title="bbox 134 2637 1307 3348">
    <p class='ocr_par' dir='ltr' id='par_1_6' title="bbox 134 2637 1307 3348">
     <span class='ocr_line' id='line_1_13' title="bbox 134 2637 1301 2723; baseline -0.003 -15"><span class='ocrx_word' id='word_1_118' title='bbox 134 2644 243 2714; x_wconf 84' lang='lat' dir='ltr'><strong>liceret,</strong></span> <span class='ocrx_word' id='word_1_119' title='bbox 257 2641 412 2723; x_wconf 78' lang='lat' dir='ltr'><strong>regiaeque</strong></span> <span class='ocrx_word' id='word_1_120' title='bbox 427 2637 596 2723; x_wconf 81' lang='lat' dir='ltr'><strong>potestatis,</strong></span> <span class='ocrx_word' id='word_1_121' title='bbox 618 2639 666 2703; x_wconf 88' lang='lat' dir='ltr'><strong>eui</strong></span> <span class='ocrx_word' id='word_1_122' title='bbox 680 2638 753 2703; x_wconf 77' lang='lat' dir='ltr'><strong>nillil</strong></span> <span class='ocrx_word' id='word_1_123' title='bbox 768 2639 860 2722; x_wconf 88' lang='lat' dir='ltr'><strong>magis</strong></span> <span class='ocrx_word' id='word_1_124' title='bbox 875 2660 965 2722; x_wconf 82' lang='lat' dir='ltr'><strong>‹puam</strong></span> <span class='ocrx_word' id='word_1_125' title='bbox 981 2640 1099 2704; x_wconf 84' lang='lat' dir='ltr'><strong>libertas</strong></span> <span class='ocrx_word' id='word_1_126' title='bbox 1113 2640 1301 2704; x_wconf 85' lang='lat' dir='ltr'><strong>subditorum</strong></span> 
     </span>
     <span class='ocr_line' id='line_1_14' title="bbox 134 2743 1302 2828; baseline -0.003 -17"><span class='ocrx_word' id='word_1_127' title='bbox 134 2745 216 2810; x_wconf 85' lang='lat' dir='ltr'><strong>cordi</strong></span> <span class='ocrx_word' id='word_1_128' title='bbox 237 2752 324 2808; x_wconf 89' lang='lat' dir='ltr'><strong>esset.</strong></span> <span class='ocrx_word' id='word_1_129' title='bbox 355 2744 439 2806; x_wconf 87' lang='lat' dir='ltr'><strong>llane</strong></span> <span class='ocrx_word' id='word_1_130' title='bbox 458 2751 558 2806; x_wconf 87' lang='lat' dir='ltr'><strong>autem</strong></span> <span class='ocrx_word' id='word_1_131' title='bbox 581 2743 632 2824; x_wconf 88' lang='lat' dir='ltr'><strong>qui</strong></span> <span class='ocrx_word' id='word_1_132' title='bbox 653 2743 756 2825; x_wconf 86' lang='lat' dir='ltr'><strong>legerit</strong></span> <span class='ocrx_word' id='word_1_133' title='bbox 771 2743 889 2825; x_wconf 87' lang='lat' dir='ltr'><strong>dignam</strong></span> <span class='ocrx_word' id='word_1_134' title='bbox 904 2743 967 2808; x_wconf 81' lang='lat' dir='ltr'><strong>tiro</strong></span> <span class='ocrx_word' id='word_1_135' title='bbox 981 2745 1113 2826; x_wconf 87' lang='lat' dir='ltr'><strong>sapiente</strong></span> <span class='ocrx_word' id='word_1_136' title='bbox 1129 2745 1302 2828; x_wconf 81' lang='lat' dir='ltr'><strong>optimoque</strong></span> 
     </span>
     <span class='ocr_line' id='line_1_15' title="bbox 134 2845 1302 2932; baseline 0 -20"><span class='ocrx_word' id='word_1_137' title='bbox 134 2851 312 2932; x_wconf 84' lang='lat' dir='ltr'><strong>imperatore</strong></span> <span class='ocrx_word' id='word_1_138' title='bbox 326 2846 558 2930; x_wconf 79' lang='lat' dir='ltr'><strong>professionem,</strong></span> <span class='ocrx_word' id='word_1_139' title='bbox 574 2863 674 2909; x_wconf 91' lang='lat' dir='ltr'><strong>nonne</strong></span> <span class='ocrx_word' id='word_1_140' title='bbox 688 2845 788 2909; x_wconf 84' lang='lat' dir='ltr'><strong>statim</strong></span> <span class='ocrx_word' id='word_1_141' title='bbox 804 2847 895 2910; x_wconf 89' lang='lat' dir='ltr'><strong>etiam</strong></span> <span class='ocrx_word' id='word_1_142' title='bbox 911 2846 974 2910; x_wconf 85' lang='lat' dir='ltr'><strong>eius</strong></span> <span class='ocrx_word' id='word_1_143' title='bbox 989 2846 1076 2928; x_wconf 86' lang='lat' dir='ltr'><strong>liegis</strong></span> <span class='ocrx_word' id='word_1_144' title='bbox 1091 2848 1302 2922; x_wconf 82' lang='lat' dir='ltr'><strong>recordabitur,</strong></span> 
     </span>
     <span class='ocr_line' id='line_1_16' title="bbox 136 2947 1304 3036; baseline 0 -20"><span class='ocrx_word' id='word_1_145' title='bbox 136 2971 225 3036; x_wconf 78' lang='lat' dir='ltr'><strong>quem</strong></span> <span class='ocrx_word' id='word_1_146' title='bbox 240 2969 337 3034; x_wconf 88' lang='lat' dir='ltr'><strong>nuper</strong></span> <span class='ocrx_word' id='word_1_147' title='bbox 351 2949 437 3014; x_wconf 85' lang='lat' dir='ltr'><strong>nobis</strong></span> <span class='ocrx_word' id='word_1_148' title='bbox 452 2955 588 3032; x_wconf 89' lang='lat' dir='ltr'><strong>ereptum</strong></span> <span class='ocrx_word' id='word_1_149' title='bbox 605 2947 764 3032; x_wconf 73' lang='lat' dir='ltr'><strong>lugemus?</strong></span> <span class='ocrx_word' id='word_1_150' title='bbox 785 2949 875 3014; x_wconf 85' lang='lat' dir='ltr'><strong>Nobis</strong></span> <span class='ocrx_word' id='word_1_151' title='bbox 889 2949 1007 3032; x_wconf 87' lang='lat' dir='ltr'><strong>quidem</strong></span> <span class='ocrx_word' id='word_1_152' title='bbox 1020 2960 1111 3025; x_wconf 80' lang='lat' dir='ltr'><strong>certe,</strong></span> <span class='ocrx_word' id='word_1_153' title='bbox 1126 2952 1243 3034; x_wconf 88' lang='lat' dir='ltr'><strong>quoties</strong></span> <span class='ocrx_word' id='word_1_154' title='bbox 1255 2952 1304 3016; x_wconf 84' lang='lat' dir='ltr'><strong>illa</strong></span> 
     </span>
     <span class='ocr_line' id='line_1_17' title="bbox 136 3052 1305 3137; baseline -0.002 -17"><span class='ocrx_word' id='word_1_155' title='bbox 136 3055 175 3120; x_wconf 90' lang='lat' dir='ltr'><strong>ll.</strong></span> <span class='ocrx_word' id='word_1_156' title='bbox 192 3055 333 3120; x_wconf 77' lang='lat' dir='ltr'><strong>Antonini</strong></span> <span class='ocrx_word' id='word_1_157' title='bbox 354 3053 446 3118; x_wconf 80' lang='lat' dir='ltr'><strong>verba</strong></span> <span class='ocrx_word' id='word_1_158' title='bbox 466 3053 665 3137; x_wconf 81' lang='lat' dir='ltr'><strong>inspeximus,</strong></span> <span class='ocrx_word' id='word_1_159' title='bbox 685 3052 868 3118; x_wconf 83' lang='lat' dir='ltr'><strong>Friderioi</strong></span> <span class='ocrx_word' id='word_1_160' title='bbox 883 3052 1059 3118; x_wconf 87' lang='lat' dir='ltr'><strong>Guilelmi</strong></span> <span class='ocrx_word' id='word_1_161' title='bbox 1074 3057 1168 3119; x_wconf 90' lang='lat' dir='ltr'><strong>nostri</strong></span> <span class='ocrx_word' id='word_1_162' title='bbox 1182 3076 1215 3119; x_wconf 90' lang='lat' dir='ltr'><strong>se</strong></span> <span class='ocrx_word' id='word_1_163' title='bbox 1230 3059 1305 3120; x_wconf 85' lang='lat' dir='ltr'><strong>olle·</strong></span> 
     </span>
     <span class='ocr_line' id='line_1_18' title="bbox 135 3155 1307 3242; baseline 0 -18"><span class='ocrx_word' id='word_1_164' title='bbox 135 3160 219 3224; x_wconf 84' lang='lat' dir='ltr'><strong>rebat</strong></span> <span class='ocrx_word' id='word_1_165' title='bbox 237 3159 355 3242; x_wconf 77' lang='lat' dir='ltr'><strong>imago,</strong></span> <span class='ocrx_word' id='word_1_166' title='bbox 376 3158 535 3240; x_wconf 87' lang='lat' dir='ltr'><strong>ipsumque</strong></span> <span class='ocrx_word' id='word_1_167' title='bbox 550 3155 637 3219; x_wconf 82' lang='lat' dir='ltr'><strong>nobis</strong></span> <span class='ocrx_word' id='word_1_168' title='bbox 653 3155 826 3240; x_wconf 89' lang='lat' dir='ltr'><strong>loquentem</strong></span> <span class='ocrx_word' id='word_1_169' title='bbox 840 3155 941 3221; x_wconf 88' lang='lat' dir='ltr'><strong>audire</strong></span> <span class='ocrx_word' id='word_1_170' title='bbox 956 3157 1143 3234; x_wconf 84' lang='lat' dir='ltr'><strong>videbamur,</strong></span> <span class='ocrx_word' id='word_1_171' title='bbox 1159 3160 1221 3228; x_wconf 83' lang='lat' dir='ltr'><strong>oui.</strong></span> <span class='ocrx_word' id='word_1_172' title='bbox 1237 3159 1307 3224; x_wconf 79' lang='lat' dir='ltr'><strong>noes</strong></span> 
     </span>
     <span class='ocr_line' id='line_1_19' title="bbox 137 3259 1306 3348; baseline 0 -21"><span class='ocrx_word' id='word_1_173' title='bbox 137 3264 250 3328; x_wconf 81' lang='lat' dir='ltr'><strong>diverso</strong></span> <span class='ocrx_word' id='word_1_174' title='bbox 264 3261 356 3328; x_wconf 88' lang='lat' dir='ltr'><strong>luerit</strong></span> <span class='ocrx_word' id='word_1_175' title='bbox 370 3268 535 3326; x_wconf 81' lang='lat' dir='ltr'><strong>ceterarum</strong></span> <span class='ocrx_word' id='word_1_176' title='bbox 549 3277 651 3324; x_wconf 87' lang='lat' dir='ltr'><strong>rerum</strong></span> <span class='ocrx_word' id='word_1_177' title='bbox 667 3259 863 3342; x_wconf 85' lang='lat' dir='ltr'><strong>plurimarum</strong></span> <span class='ocrx_word' id='word_1_178' title='bbox 879 3259 1028 3336; x_wconf 81' lang='lat' dir='ltr'><strong>conditio,</strong></span> <span class='ocrx_word' id='word_1_179' title='bbox 1047 3261 1105 3327; x_wconf 87' lang='lat' dir='ltr'><strong>hoo</strong></span> <span class='ocrx_word' id='word_1_180' title='bbox 1118 3271 1220 3327; x_wconf 87' lang='lat' dir='ltr'><strong>tamen</strong></span> <span class='ocrx_word' id='word_1_181' title='bbox 1235 3283 1306 3348; x_wconf 89' lang='lat' dir='ltr'><strong>pro·</strong></span> 
     </span>
    </p>
   </div>
   <div class='ocr_carea' id='block_1_7' title="bbox 138 3475 1314 4409">
    <p class='ocr_par' dir='ltr' id='par_1_7' title="bbox 138 3475 1314 4409">
     <span class='ocr_line' id='line_1_20' title="bbox 208 3475 1309 3550; baseline 0.002 -20"><span class='ocrx_word' id='word_1_182' title='bbox 208 3478 232 3542; x_wconf 88' lang='grc'><strong>1)</strong></span> <span class='ocrx_word' id='word_1_183' title='bbox 255 3477 303 3531; x_wconf 82' lang='lat' dir='ltr'><strong>ttse</strong></span> <span class='ocrx_word' id='word_1_184' title='bbox 326 3477 369 3532; x_wconf 84' lang='lat' dir='ltr'><strong>lto</strong></span> <span class='ocrx_word' id='word_1_185' title='bbox 391 3475 462 3530; x_wconf 84' lang='lat' dir='ltr'><strong>leons</strong></span> <span class='ocrx_word' id='word_1_186' title='bbox 479 3477 505 3530; x_wconf 89' lang='lat' dir='ltr'><strong>in</strong></span> <span class='ocrx_word' id='word_1_187' title='bbox 523 3477 558 3530; x_wconf 79' lang='lat' dir='ltr'><strong>ll.</strong></span> <span class='ocrx_word' id='word_1_188' title='bbox 577 3477 700 3531; x_wconf 77' lang='lat' dir='ltr'><strong>Antonini</strong></span> <span class='ocrx_word' id='word_1_189' title='bbox 718 3477 776 3532; x_wconf 86' lang='lat' dir='ltr'><strong>lilsr.</strong></span> <span class='ocrx_word' id='word_1_190' title='bbox 794 3479 835 3538; x_wconf 78' lang='grc' dir='ltr'><strong>είς</strong></span> <span class='ocrx_word' id='word_1_191' title='bbox 851 3475 953 3534; x_wconf 71' lang='grc' dir='ltr'><em>ἑαυτόν</em></span> <span class='ocrx_word' id='word_1_192' title='bbox 969 3477 989 3546; x_wconf 83' lang='lat' dir='ltr'><strong>l,</strong></span> <span class='ocrx_word' id='word_1_193' title='bbox 1009 3481 1054 3545; x_wconf 68' lang='lat' dir='ltr'><strong>ld,</strong></span> <span class='ocrx_word' id='word_1_194' title='bbox 1066 3482 1109 3534; x_wconf 81' lang='lat' dir='ltr'><strong>nbi</strong></span> <span class='ocrx_word' id='word_1_195' title='bbox 1127 3481 1244 3548; x_wconf 83' lang='lat' dir='ltr'><strong>inerunt,</strong></span> <span class='ocrx_word' id='word_1_196' title='bbox 1265 3481 1309 3550; x_wconf 82' lang='lat' dir='ltr'><strong>spui</strong></span> 
     </span>
     <span class='ocr_line' id='line_1_21' title="bbox 138 3558 1310 3638; baseline 0.001 -21"><span class='ocrx_word' id='word_1_197' title='bbox 138 3581 184 3634; x_wconf 86' lang='lat' dir='ltr'><strong>pre</strong></span> <span class='ocrx_word' id='word_1_198' title='bbox 202 3561 280 3635; x_wconf 74' lang='grc' dir='ltr'><em>παρὰ</em></span> <span class='ocrx_word' id='word_1_199' title='bbox 298 3565 349 3616; x_wconf 81' lang='lat' dir='ltr'><strong>rori</strong></span> <span class='ocrx_word' id='word_1_200' title='bbox 366 3558 497 3632; x_wconf 69' lang='grc' dir='ltr'><strong>ἀδελφοῦ</strong></span> <span class='ocrx_word' id='word_1_201' title='bbox 512 3579 571 3634; x_wconf 85' lang='grc' dir='ltr'><strong>μου</strong></span> <span class='ocrx_word' id='word_1_202' title='bbox 587 3558 734 3634; x_wconf 74' lang='grc' dir='ltr'><em>Σεονῆρου</em></span> <span class='ocrx_word' id='word_1_203' title='bbox 751 3565 940 3617; x_wconf 83' lang='lat' dir='ltr'><strong>reserilsendutn</strong></span> <span class='ocrx_word' id='word_1_204' title='bbox 958 3575 1093 3620; x_wconf 78' lang='lat' dir='ltr'><strong>censerent</strong></span> <span class='ocrx_word' id='word_1_205' title='bbox 1104 3575 1149 3620; x_wconf 80' lang='lat' dir='ltr'><strong>snt</strong></span> <span class='ocrx_word' id='word_1_206' title='bbox 1160 3569 1210 3620; x_wconf 82' lang='lat' dir='ltr'><strong>resi</strong></span> <span class='ocrx_word' id='word_1_207' title='bbox 1222 3568 1310 3638; x_wconf 71' lang='lat' dir='ltr'><strong>gline</strong></span> 
     </span>
     <span class='ocr_line' id='line_1_22' title="bbox 138 3644 1309 3723; baseline 0 -19"><span class='ocrx_word' id='word_1_208' title='bbox 138 3667 205 3722; x_wconf 87' lang='grc' dir='ltr'><em>μον,</em></span> <span class='ocrx_word' id='word_1_209' title='bbox 222 3657 267 3702; x_wconf 80' lang='lat' dir='ltr'><strong>aut</strong></span> <span class='ocrx_word' id='word_1_210' title='bbox 287 3644 408 3723; x_wconf 78' lang='grc' dir='ltr'><em>Οὐήροιι.</em></span> <span class='ocrx_word' id='word_1_211' title='bbox 442 3647 491 3700; x_wconf 82' lang='lat' dir='ltr'><strong>Sed</strong></span> <span class='ocrx_word' id='word_1_212' title='bbox 510 3647 536 3700; x_wconf 87' lang='lat' dir='ltr'><strong>ln</strong></span> <span class='ocrx_word' id='word_1_213' title='bbox 553 3647 583 3701; x_wconf 79' lang='lat' dir='ltr'><strong>L.</strong></span> <span class='ocrx_word' id='word_1_214' title='bbox 601 3647 697 3702; x_wconf 81' lang='lat' dir='ltr'><strong>Verum</strong></span> <span class='ocrx_word' id='word_1_215' title='bbox 713 3648 775 3701; x_wconf 75' lang='lat' dir='ltr'><strong>iseo</strong></span> <span class='ocrx_word' id='word_1_216' title='bbox 792 3649 901 3718; x_wconf 77' lang='lat' dir='ltr'><strong>elinque,</strong></span> <span class='ocrx_word' id='word_1_217' title='bbox 918 3667 982 3720; x_wconf 81' lang='lat' dir='ltr'><strong>qnae</strong></span> <span class='ocrx_word' id='word_1_218' title='bbox 999 3652 1144 3706; x_wconf 77' lang='lat' dir='ltr'><strong>Antoninus</strong></span> <span class='ocrx_word' id='word_1_219' title='bbox 1161 3654 1185 3706; x_wconf 73' lang='lat' dir='ltr'><strong>h.</strong></span> <span class='ocrx_word' id='word_1_220' title='bbox 1203 3651 1221 3704; x_wconf 94' lang='grc'><strong>1.</strong></span> <span class='ocrx_word' id='word_1_221' title='bbox 1240 3668 1309 3705; x_wconf 79' lang='lat' dir='ltr'><strong>eon·</strong></span> 
     </span>
     <span class='ocr_line' id='line_1_23' title="bbox 139 3733 1310 3807; baseline 0.003 -18"><span class='ocrx_word' id='word_1_222' title='bbox 139 3743 275 3804; x_wconf 80' lang='lat' dir='ltr'><strong>mannent,</strong></span> <span class='ocrx_word' id='word_1_223' title='bbox 297 3734 342 3788; x_wconf 84' lang='lat' dir='ltr'><strong>vix</strong></span> <span class='ocrx_word' id='word_1_224' title='bbox 364 3735 455 3788; x_wconf 83' lang='lat' dir='ltr'><strong>endere</strong></span> <span class='ocrx_word' id='word_1_225' title='bbox 472 3749 547 3804; x_wconf 87' lang='lat' dir='ltr'><strong>pesse</strong></span> <span class='ocrx_word' id='word_1_226' title='bbox 564 3733 697 3788; x_wconf 80' lang='lat' dir='ltr'><strong>videntnre</strong></span> <span class='ocrx_word' id='word_1_227' title='bbox 721 3733 767 3788; x_wconf 81' lang='lat' dir='ltr'><strong>Cn.</strong></span> <span class='ocrx_word' id='word_1_228' title='bbox 784 3733 916 3788; x_wconf 83' lang='lat' dir='ltr'><strong>Clnndinrn</strong></span> <span class='ocrx_word' id='word_1_229' title='bbox 933 3737 1058 3791; x_wconf 78' lang='lat' dir='ltr'><strong>Seremus</strong></span> <span class='ocrx_word' id='word_1_230' title='bbox 1075 3747 1172 3804; x_wconf 82' lang='lat' dir='ltr'><strong>neten,</strong></span> <span class='ocrx_word' id='word_1_231' title='bbox 1196 3739 1310 3807; x_wconf 77' lang='lat' dir='ltr'><strong>phileso-</strong></span> 
     </span>
     <span class='ocr_line' id='line_1_24' title="bbox 140 3819 1310 3894; baseline 0.002 -20"><span class='ocrx_word' id='word_1_232' title='bbox 140 3823 214 3890; x_wconf 87' lang='lat' dir='ltr'><strong>plmns</strong></span> <span class='ocrx_word' id='word_1_233' title='bbox 237 3821 443 3892; x_wconf 74' lang='lat' dir='ltr'><strong>peripateticum,</strong></span> <span class='ocrx_word' id='word_1_234' title='bbox 464 3821 496 3874; x_wconf 85' lang='lat' dir='ltr'><strong>nls</strong></span> <span class='ocrx_word' id='word_1_235' title='bbox 513 3819 643 3874; x_wconf 73' lang='lat' dir='ltr'><strong>Antonine</strong></span> <span class='ocrx_word' id='word_1_236' title='bbox 660 3819 775 3874; x_wconf 81' lang='lat' dir='ltr'><strong>enditnrn</strong></span> <span class='ocrx_word' id='word_1_237' title='bbox 792 3835 851 3873; x_wconf 84' lang='lat' dir='ltr'><strong>esse</strong></span> <span class='ocrx_word' id='word_1_238' title='bbox 869 3819 1027 3892; x_wconf 75' lang='lat' dir='ltr'><strong>Capitolinus</strong></span> <span class='ocrx_word' id='word_1_239' title='bbox 1045 3821 1127 3879; x_wconf 80' lang='lat' dir='ltr'><strong>selant</strong></span> <span class='ocrx_word' id='word_1_240' title='bbox 1144 3841 1168 3878; x_wconf 88' lang='lat' dir='ltr'><strong>e.</strong></span> <span class='ocrx_word' id='word_1_241' title='bbox 1185 3827 1216 3891; x_wconf 77' lang='lat'><strong>³,</strong></span> <span class='ocrx_word' id='word_1_242' title='bbox 1237 3825 1310 3894; x_wconf 80' lang='lat' dir='ltr'><strong>lsqne</strong></span> 
     </span>
     <span class='ocr_line' id='line_1_25' title="bbox 141 3901 1312 3980; baseline 0.002 -18"><span class='ocrx_word' id='word_1_243' title='bbox 141 3907 223 3978; x_wconf 86' lang='lat' dir='ltr'><strong>potnit</strong></span> <span class='ocrx_word' id='word_1_244' title='bbox 239 3905 351 3962; x_wconf 80' lang='lat' dir='ltr'><strong>lortnsse</strong></span> <span class='ocrx_word' id='word_1_245' title='bbox 368 3908 445 3960; x_wconf 70' lang='lat' dir='ltr'><strong>etin·</strong></span> <span class='ocrx_word' id='word_1_246' title='bbox 462 3901 589 3976; x_wconf 72' lang='grc' dir='ltr'><em>ἀδελφός</em></span> <span class='ocrx_word' id='word_1_247' title='bbox 605 3905 637 3959; x_wconf 79' lang='lat' dir='ltr'><strong>sb</strong></span> <span class='ocrx_word' id='word_1_248' title='bbox 654 3921 685 3960; x_wconf 85' lang='lat' dir='ltr'><strong>en</strong></span> <span class='ocrx_word' id='word_1_249' title='bbox 702 3906 754 3960; x_wconf 85' lang='lat' dir='ltr'><strong>diei</strong></span> <span class='ocrx_word' id='word_1_250' title='bbox 772 3906 877 3960; x_wconf 79' lang='lat' dir='ltr'><strong>honoris</strong></span> <span class='ocrx_word' id='word_1_251' title='bbox 894 3924 982 3976; x_wconf 72' lang='lat' dir='ltr'><strong>unsa,</strong></span> <span class='ocrx_word' id='word_1_252' title='bbox 999 3919 1087 3980; x_wconf 79' lang='lat' dir='ltr'><strong>utpote</strong></span> <span class='ocrx_word' id='word_1_253' title='bbox 1104 3911 1145 3963; x_wconf 80' lang='lat' dir='ltr'><strong>vir</strong></span> <span class='ocrx_word' id='word_1_254' title='bbox 1156 3910 1312 3964; x_wconf 82' lang='lat' dir='ltr'><strong>eessnlnris.</strong></span> 
     </span>
     <span class='ocr_line' id='line_1_26' title="bbox 140 3991 1311 4066; baseline 0.001 -19"><span class='ocrx_word' id='word_1_255' title='bbox 140 3993 204 4047; x_wconf 85' lang='lat' dir='ltr'><strong>Nnnr</strong></span> <span class='ocrx_word' id='word_1_256' title='bbox 226 3992 314 4048; x_wconf 84' lang='lat' dir='ltr'><strong>eonsnl</strong></span> <span class='ocrx_word' id='word_1_257' title='bbox 337 3991 422 4047; x_wconf 78' lang='lat' dir='ltr'><strong>luerat</strong></span> <span class='ocrx_word' id='word_1_258' title='bbox 442 4009 467 4047; x_wconf 84' lang='lat' dir='ltr'><strong>n.</strong></span> <span class='ocrx_word' id='word_1_259' title='bbox 489 4011 514 4047; x_wconf 89' lang='lat' dir='ltr'><strong>n.</strong></span> <span class='ocrx_word' id='word_1_260' title='bbox 537 3995 597 4046; x_wconf 78' lang='grc'><strong>898.</strong></span> <span class='ocrx_word' id='word_1_261' title='bbox 632 3991 671 4046; x_wconf 80' lang='lat' dir='ltr'><strong>Gi.</strong></span> <span class='ocrx_word' id='word_1_262' title='bbox 689 3991 779 4047; x_wconf 76' lang='lat' dir='ltr'><strong>Galen.</strong></span> <span class='ocrx_word' id='word_1_263' title='bbox 803 3995 835 4047; x_wconf 83' lang='lat' dir='ltr'><strong>de</strong></span> <span class='ocrx_word' id='word_1_264' title='bbox 857 4004 925 4050; x_wconf 78' lang='lat' dir='ltr'><strong>nnat.</strong></span> <span class='ocrx_word' id='word_1_265' title='bbox 944 3997 963 4062; x_wconf 88' lang='lat' dir='ltr'><strong>l,</strong></span> <span class='ocrx_word' id='word_1_266' title='bbox 983 3997 1006 4050; x_wconf 89' lang='lat' dir='ltr'><strong>l.</strong></span> <span class='ocrx_word' id='word_1_267' title='bbox 1027 4006 1054 4051; x_wconf 90' lang='lat' dir='ltr'><strong>et</strong></span> <span class='ocrx_word' id='word_1_268' title='bbox 1076 3997 1107 4050; x_wconf 87' lang='lat' dir='ltr'><strong>de</strong></span> <span class='ocrx_word' id='word_1_269' title='bbox 1125 4013 1261 4066; x_wconf 78' lang='lat' dir='ltr'><strong>praeeogn.</strong></span> <span class='ocrx_word' id='word_1_270' title='bbox 1278 3998 1311 4049; x_wconf 85' lang='lat' dir='ltr'><strong>nd</strong></span> 
     </span>
     <span class='ocr_line' id='line_1_27' title="bbox 141 4075 1311 4153; baseline 0.004 -20"><span class='ocrx_word' id='word_1_271' title='bbox 141 4079 227 4133; x_wconf 81' lang='lat' dir='ltr'><strong>Pestis.</strong></span> <span class='ocrx_word' id='word_1_272' title='bbox 244 4095 268 4134; x_wconf 88' lang='lat' dir='ltr'><strong>e.</strong></span> <span class='ocrx_word' id='word_1_273' title='bbox 286 4081 312 4134; x_wconf 77' lang='lat'><em>2</em></span> <span class='ocrx_word' id='word_1_274' title='bbox 331 4081 347 4134; x_wconf 79' lang='lat' dir='ltr'><strong>t</strong></span> <span class='ocrx_word' id='word_1_275' title='bbox 369 4095 432 4148; x_wconf 84' lang='lat' dir='ltr'><strong>qnos</strong></span> <span class='ocrx_word' id='word_1_276' title='bbox 454 4075 526 4133; x_wconf 87' lang='lat' dir='ltr'><strong>loees</strong></span> <span class='ocrx_word' id='word_1_277' title='bbox 543 4078 627 4132; x_wconf 85' lang='lat' dir='ltr'><strong>lensio</strong></span> <span class='ocrx_word' id='word_1_278' title='bbox 651 4079 745 4142; x_wconf 81' lang='lat' dir='ltr'><strong>debes,</strong></span> <span class='ocrx_word' id='word_1_279' title='bbox 769 4079 801 4134; x_wconf 89' lang='lat' dir='ltr'><strong>de</strong></span> <span class='ocrx_word' id='word_1_280' title='bbox 818 4081 918 4152; x_wconf 82' lang='lat' dir='ltr'><strong>seriptt.</strong></span> <span class='ocrx_word' id='word_1_281' title='bbox 937 4082 998 4136; x_wconf 78' lang='lat' dir='ltr'><strong>list.</strong></span> <span class='ocrx_word' id='word_1_282' title='bbox 1017 4083 1077 4152; x_wconf 78' lang='lat' dir='ltr'><strong>psit.</strong></span> <span class='ocrx_word' id='word_1_283' title='bbox 1095 4082 1114 4153; x_wconf 82' lang='lat' dir='ltr'><strong>l,</strong></span> <span class='ocrx_word' id='word_1_284' title='bbox 1134 4085 1173 4153; x_wconf 78' lang='lat' dir='ltr'><strong>ts,</strong></span> <span class='ocrx_word' id='word_1_285' title='bbox 1190 4086 1207 4138; x_wconf 76' lang='grc'><strong>4</strong></span> <span class='ocrx_word' id='word_1_286' title='bbox 1225 4100 1249 4152; x_wconf 90' lang='lat' dir='ltr'><strong>p.</strong></span> <span class='ocrx_word' id='word_1_287' title='bbox 1267 4083 1311 4138; x_wconf 78' lang='lat' dir='ltr'><strong>st.</strong></span> 
     </span>
     <span class='ocr_line' id='line_1_28' title="bbox 141 4155 1313 4238; baseline 0.002 -18"><span class='ocrx_word' id='word_1_288' title='bbox 141 4167 186 4222; x_wconf 84' lang='lat' dir='ltr'><strong>sie</strong></span> <span class='ocrx_word' id='word_1_289' title='bbox 208 4167 285 4220; x_wconf 69' lang='lat' dir='ltr'><strong>etan</strong></span> <span class='ocrx_word' id='word_1_290' title='bbox 302 4155 415 4236; x_wconf 67' lang='lat' dir='ltr'><strong>Aegypti</strong></span> <span class='ocrx_word' id='word_1_291' title='bbox 438 4181 512 4234; x_wconf 81' lang='lat' dir='ltr'><strong>reges</strong></span> <span class='ocrx_word' id='word_1_292' title='bbox 530 4160 658 4235; x_wconf 72' lang='lat' dir='ltr'><strong>ddstpni</strong></span> <span class='ocrx_word' id='word_1_293' title='bbox 675 4163 844 4236; x_wconf 80' lang='lat' dir='ltr'><strong>nppellntiene</strong></span> <span class='ocrx_word' id='word_1_294' title='bbox 862 4167 930 4221; x_wconf 80' lang='lat' dir='ltr'><strong>eires</strong></span> <span class='ocrx_word' id='word_1_295' title='bbox 948 4168 1083 4238; x_wconf 75' lang='lat' dir='ltr'><strong>primerios</strong></span> <span class='ocrx_word' id='word_1_296' title='bbox 1100 4185 1207 4223; x_wconf 86' lang='lat' dir='ltr'><strong>ornssse</strong></span> <span class='ocrx_word' id='word_1_297' title='bbox 1226 4177 1313 4222; x_wconf 84' lang='lat' dir='ltr'><strong>nntusn</strong></span> 
     </span>
     <span class='ocr_line' id='line_1_29' title="bbox 142 4249 1314 4326; baseline 0.002 -19"><span class='ocrx_word' id='word_1_298' title='bbox 142 4263 191 4308; x_wconf 87' lang='lat' dir='ltr'><strong>est.</strong></span> <span class='ocrx_word' id='word_1_299' title='bbox 220 4250 260 4307; x_wconf 77' lang='lat' dir='ltr'><strong>(ii.</strong></span> <span class='ocrx_word' id='word_1_300' title='bbox 278 4249 308 4306; x_wconf 78' lang='lat'><strong>0.</strong></span> <span class='ocrx_word' id='word_1_301' title='bbox 325 4250 405 4305; x_wconf 85' lang='lat' dir='ltr'><strong>lnser.</strong></span> <span class='ocrx_word' id='word_1_302' title='bbox 423 4268 463 4320; x_wconf 80' lang='lat' dir='ltr'><strong>gr.</strong></span> <span class='ocrx_word' id='word_1_303' title='bbox 476 4249 519 4306; x_wconf 88' lang='lat' dir='ltr'><strong>tlt.</strong></span> <span class='ocrx_word' id='word_1_304' title='bbox 530 4268 554 4322; x_wconf 92' lang='lat' dir='ltr'><strong>p.</strong></span> <span class='ocrx_word' id='word_1_305' title='bbox 567 4249 627 4304; x_wconf 80' lang='lat' dir='ltr'><strong>nto.</strong></span> <span class='ocrx_word' id='word_1_306' title='bbox 639 4257 666 4304; x_wconf 84' lang='lat' dir='ltr'><strong>st</strong></span> <span class='ocrx_word' id='word_1_307' title='bbox 677 4251 709 4304; x_wconf 88' lang='lat' dir='ltr'><strong>ds</strong></span> <span class='ocrx_word' id='word_1_308' title='bbox 719 4251 836 4307; x_wconf 88' lang='lat' dir='ltr'><strong>lrstrls</strong></span> <span class='ocrx_word' id='word_1_309' title='bbox 845 4253 1013 4322; x_wconf 72' lang='lat' dir='ltr'><strong>appellatione</strong></span> <span class='ocrx_word' id='word_1_310' title='bbox 1025 4255 1159 4310; x_wconf 80' lang='lat' dir='ltr'><strong>eenltiltns</strong></span> <span class='ocrx_word' id='word_1_311' title='bbox 1170 4256 1314 4326; x_wconf 83' lang='lat' dir='ltr'><strong>snpsrinris</strong></span> 
     </span>
     <span class='ocr_line' id='line_1_30' title="bbox 142 4336 1314 4409; baseline 0.003 -17"><span class='ocrx_word' id='word_1_312' title='bbox 142 4339 240 4394; x_wconf 86' lang='lat' dir='ltr'><strong>ordinis</strong></span> <span class='ocrx_word' id='word_1_313' title='bbox 260 4347 289 4394; x_wconf 88' lang='lat' dir='ltr'><strong>et</strong></span> <span class='ocrx_word' id='word_1_314' title='bbox 310 4336 500 4408; x_wconf 77' lang='lat' dir='ltr'><strong>psovtsetsm</strong></span> <span class='ocrx_word' id='word_1_315' title='bbox 523 4337 668 4394; x_wconf 67' lang='lat' dir='ltr'><strong>ueteribus</strong></span> <span class='ocrx_word' id='word_1_316' title='bbox 689 4337 722 4392; x_wconf 79' lang='lat' dir='ltr'><strong>st</strong></span> <span class='ocrx_word' id='word_1_317' title='bbox 739 4337 937 4409; x_wconf 70' lang='lat' dir='ltr'><strong>inperatoribus</strong></span> <span class='ocrx_word' id='word_1_318' title='bbox 962 4342 1063 4398; x_wconf 80' lang='lat' dir='ltr'><strong>trlltnts</strong></span> <span class='ocrx_word' id='word_1_319' title='bbox 1078 4343 1132 4400; x_wconf 83' lang='lat' dir='ltr'><strong>vid.</strong></span> <span class='ocrx_word' id='word_1_320' title='bbox 1150 4341 1265 4398; x_wconf 73' lang='lat' dir='ltr'><strong>Brlssen</strong></span> <span class='ocrx_word' id='word_1_321' title='bbox 1282 4343 1314 4395; x_wconf 81' lang='lat' dir='ltr'><strong>de</strong></span> 
     </span>
    </p>
   </div>
   <div class='ocr_carea' id='block_1_8' title="bbox 10 4421 536 4500">
    <p class='ocr_par' dir='ltr' id='par_1_8' title="bbox 10 4421 536 4500">
     <span class='ocr_line' id='line_1_31' title="bbox 10 4421 536 4500; baseline -0.015 -16"><span class='ocrx_word' id='word_1_322' title='bbox 10 4451 11 4484; x_wconf 67' lang='lat' dir='ltr'><strong>r</strong></span> <span class='ocrx_word' id='word_1_323' title='bbox 54 4497 55 4500; x_wconf 8' lang='grc' dir='ltr'><em>ρ</em></span> <span class='ocrx_word' id='word_1_324' title='bbox 141 4423 223 4480; x_wconf 80' lang='lat' dir='ltr'><strong>lern.</strong></span> <span class='ocrx_word' id='word_1_325' title='bbox 240 4423 283 4494; x_wconf 84' lang='lat' dir='ltr'><strong>tlt,</strong></span> <span class='ocrx_word' id='word_1_326' title='bbox 300 4424 333 4480; x_wconf 75' lang='lat' dir='ltr'><strong>ii</strong></span> <span class='ocrx_word' id='word_1_327' title='bbox 352 4439 377 4493; x_wconf 87' lang='lat' dir='ltr'><strong>p.</strong></span> <span class='ocrx_word' id='word_1_328' title='bbox 395 4422 447 4480; x_wconf 71' lang='lat' dir='ltr'><strong>iii</strong></span> <span class='ocrx_word' id='word_1_329' title='bbox 458 4421 536 4479; x_wconf 75' lang='lat' dir='ltr'><strong>conr.</strong></span> 
     </span>
    </p>
   </div>
   <div class='ocr_carea' id='block_1_9' title="bbox 185 4508 1130 4598">
    <p class='ocr_par' dir='ltr' id='par_1_9' title="bbox 185 4508 1130 4598">
     <span class='ocr_line' id='line_1_32' title="bbox 185 4508 1130 4598; baseline 0.004 -23"><span class='ocrx_word' id='word_1_330' title='bbox 185 4508 262 4598; x_wconf 75' lang='lat' dir='ltr'><strong>ru</strong></span> <span class='ocrx_word' id='word_1_331' title='bbox 1091 4509 1130 4579; x_wconf 82' lang='lat' dir='ltr'><strong>s</strong></span> 
     </span>
    </p>
   </div>
   <div class='ocr_carea' id='block_1_10' title="bbox 0 0 1661 4958">
    <p class='ocr_par' dir='ltr' id='par_1_10' title="bbox 0 0 1661 4958">
     <span class='ocr_line' id='line_1_33' title="bbox 0 0 1661 4958; baseline 0 0"><span class='ocrx_word' id='word_1_332' title='bbox 0 0 1661 4958; x_wconf 95' lang='lat' dir='ltr'><strong> </strong></span> 
     </span>
    </p>
   </div>
  </div>
 </body>
</html>
