3166 4962
743 513 896 615 ..s-se-

237 715 341 770 exerto
353 703 530 770 sententiam
545 705 763 788 pronuntiant)
792 705 885 788 igitur
898 705 1158 789 litterapostrema
1171 705 1402 775 bedccurtatr

236 807 368 874 enclitica
383 828 422 874 co
433 809 563 874 detracta
574 811 655 893 quod
666 818 758 875 restat
772 809 805 874 ci
820 829 847 874 s.
858 810 894 874 lri
909 809 945 873 ab
959 810 1052 874 altero
1064 811 1242 892 pronomine
1256 813 1319 894 qui
1332 832 1402 897 per·

236 913 367 999 paullum
382 913 499 978 differre
513 922 644 998 apparot.
679 913 782 998 Neque
803 933 873 980 sero
888 913 1100 998 significatione
1120 915 1268 999 primitiva
1288 916 1402 982 diversa

237 1017 328 1084 luisse
352 1017 473 1083 dicenda
488 1027 559 1083 sunt
573 1018 726 1084 relativum
742 1017 802 1102 qui
817 1026 847 1084 et
868 1019 1134 1084 demonstrativum
1149 1019 1233 1085 bi·c
1251 1028 1302 1086 aut
1316 1029 1402 1086 veta·

236 1123 312 1187 otius
326 1123 396 1188 illud
413 1124 464 1188 lai:
479 1141 550 1187 nam
565 1123 668 1188 relatio
683 1141 802 1206 quoque
817 1123 1033 1188 demonstratio
1049 1125 1192 1207 quaedam
1208 1133 1271 1202 ost;
1297 1134 1328 1189 et
1341 1127 1403 1190 ele·

236 1237 371 1290 mentum
393 1227 464 1290 illud
484 1227 631 1310 gutturales
650 1228 768 1309 utrique
788 1245 948 1292 commune
968 1226 1057 1292 etiam
1074 1228 1105 1290 in
1120 1229 1184 1292 eliis
1199 1229 1403 1312 compluribus

236 1340 355 1394 nostrae
369 1331 399 1394 b.
415 1351 439 1394 e.
457 1329 711 1412 indogcrmanicae
727 1329 854 1396 larnillae
869 1331 977 1414 linguis
993 1332 1232 1396 demonstrativis
1247 1335 1402 1416 pronomi-

236 1433 323 1498 nibus
339 1434 481 1516 tingnndis
496 1433 636 1498 inservire
651 1433 795 1508 ridemus,
812 1443 845 1499 ut
857 1435 1048 1500 manliostum
1059 1435 1108 1510 sit,
1120 1436 1151 1500 in
1162 1435 1219 1501 boe
1230 1455 1291 1502 non
1304 1439 1403 1504 minus

237 1557 326 1622 quam
342 1539 371 1603 in
387 1537 495 1602 dentali
511 1539 595 1602 daut
608 1547 628 1612 t,
650 1538 730 1620 qnod
751 1537 817 1602 alibi
837 1539 867 1602 in
882 1539 1055 1604 huiusmodi
1068 1541 1296 1624 pronominibus
1318 1563 1402 1609 com-

236 1651 328 1729 paret,
356 1643 460 1728 priscis
482 1643 538 1708 illis
558 1642 740 1718 bominibus,
768 1641 845 1708 inter
864 1663 940 1728 quos
963 1644 1129 1728 linguarum
1144 1645 1225 1711 initia
1241 1656 1306 1713 orta
1321 1657 1402 1726 sunt,

236 1749 399 1815 naturalem
416 1749 564 1831 quandam
576 1748 799 1812 demonstrandi
811 1749 869 1812 vim
884 1749 980 1814 inesse
993 1751 1084 1814 visam
1096 1771 1172 1816 esse.
1184 1786 1227 1799 -
1239 1752 1296 1816 Sed
1309 1771 1402 1836 quum

236 1873 272 1919 ex
298 1854 400 1918 iisdem
421 1853 576 1919 elementis
594 1853 671 1918 laets
685 1854 863 1936 pronomina
878 1855 968 1918 etiam
984 1855 1138 1920 indefinita
1152 1865 1183 1920 et
1198 1856 1404 1940 interrogativa

237 1977 301 2022 esse
326 1959 485 2030 rideamus,
511 1955 765 2042 operae'pretium
792 1967 839 2022 est
863 1959 935 2023 baec
954 1961 1032 2024 saria
1055 1960 1277 2042 significationis
1297 1979 1405 2044 genera

237 2062 334 2145 paullo
357 2063 521 2144 accuratius
541 2061 737 2137 considerare,
760 2081 934 2145 erroresque
955 2073 1127 2146 pervagatos
1142 2065 1298 2147 corrigere.
1328 2065 1403 2129 Nam

237 2166 367 2250 plerique
383 2167 516 2250 proprias
531 2167 673 2249 quasdam
689 2167 796 2250 stirpes
813 2167 1032 2249 interrogativas
1047 2167 1139 2231 luisse
1151 2169 1319 2250 opinantur,
1335 2169 1365 2232 b.
1378 2190 1403 2234 e.

238 2289 314 2354 quae
329 2271 468 2354 primitus
483 2271 680 2352 interrogandi
694 2271 753 2334 sim
769 2271 935 2344 habuerint,
955 2272 1033 2334 unde
1048 2272 1225 2355 pronomina
1240 2272 1404 2355 intorroga-

237 2375 296 2439 tira
310 2383 397 2458 atque
412 2375 482 2439 binc
495 2375 616 2439 demum
634 2376 783 2440 indelinita
801 2374 972 2458 prodierint,
996 2376 1098 2458 quales
1118 2395 1172 2457 ego
1188 2375 1294 2460 stirpes
1309 2378 1404 2442 nullas

237 2496 286 2540 mo
301 2496 458 2560 agnoscere
471 2498 557 2560 posse
568 2480 645 2542 sicut
656 2478 767 2543 dudum
779 2479 931 2564 professus
942 2499 1021 2554 sum,
1036 2481 1079 2544 sic
1090 2479 1235 2562 hodieque
1251 2481 1403 2563 profiteor.

322 2581 375 2646 bio
391 2582 479 2666 igitur
499 2601 658 2647 commune
678 2583 784 2648 barum
805 2583 940 2647 omnium
962 2583 1210 2665 significationum
1226 2585 1404 2667 principium

237 2707 302 2752 osse
324 2687 618 2762 demonstrationem,
644 2708 720 2771 quae
741 2707 834 2772 quum
851 2688 937 2753 scoriis
958 2687 1055 2752 modis
1076 2696 1292 2771 temperaretur
1306 2698 1339 2752 ut
1353 2698 1405 2754 aut

235 2792 343 2858 tortior
355 2803 434 2858 esset
448 2813 482 2858 ac
496 2793 643 2869 disertior,
659 2800 709 2858 aut
725 2813 829 2858 manca
844 2803 873 2858 et
887 2794 1068 2878 imperfecta,
1090 2801 1142 2858 aut
1161 2811 1229 2858 cum
1245 2793 1404 2876 cupiditate

236 2897 370 2962 certioris
381 2897 556 2979 cognitionis
568 2898 735 2972 coniuncta,
749 2899 820 2962 binc
829 2899 917 2962 etiam
930 2897 1070 2982 primitivi
1081 2897 1266 2982 pronominis
1279 2897 1404 2962 demon·

236 3001 349 3066 stratisi
363 3001 475 3065 lormas
489 3001 620 3064 extitisse
635 3001 712 3066 varie
728 3009 915 3084 temperatas.
943 3004 985 3068 bc
999 3002 1036 3065 de
1050 3002 1186 3066 universa
1202 3001 1320 3083 quidem
1332 3020 1405 3085 pro·

236 3105 393 3170 nominum
409 3114 514 3170 natura
528 3113 557 3169 et
567 3125 624 3170 usu
634 3105 741 3189 erponi
752 3105 799 3169 six
810 3124 886 3188 opus
898 3114 953 3170 est.
975 3105 1069 3169 Nemo
1081 3105 1161 3168 enim
1173 3105 1298 3188 ignorat,
1310 3123 1404 3189 quum

236 3211 266 3276 in
278 3210 362 3277 omni
373 3229 511 3276 sermone
522 3211 559 3274 de
571 3211 667 3293 aliqua
679 3229 711 3274 re
723 3210 829 3292 aliquid
842 3209 965 3285 dicotur,
980 3229 1134 3294 quumque
1145 3228 1267 3273 necesse
1278 3208 1317 3273 sit
1328 3209 1405 3275 banc
1463 3201 1466 3206 ’

237 3333 301 3379 rem
315 3315 409 3390 alteri,
435 3315 554 3398 quicum
571 3314 731 3398 loquimur,
747 3313 845 3397 aliquo
860 3313 952 3378 modo
966 3312 1134 3396 significari,
1160 3312 1186 3377 si
1208 3331 1339 3376 nomen
1360 3313 1404 3378 rei

179 3463 182 3470 -
237 3427 289 3483 aut
302 3419 454 3500 ignoretur
469 3427 520 3482 aut
535 3437 755 3500 quamcumque
771 3417 810 3481 ob
821 3436 939 3481 causam
951 3417 1120 3492 reticeatur,
1135 3434 1337 3498 pronomen
1353 3417 1406 3480 ad·

238 3521 341 3596 biberi,
364 3541 423 3604 quo
445 3521 599 3594 alliciatur,
621 3529 655 3584 ut
668 3518 733 3604 {qua
755 3521 792 3584 de
813 3539 846 3584 ro
860 3521 1019 3604 loquamur
1032 3519 1160 3584 auditori
1175 3527 1319 3602 quantum
1336 3519 1407 3584 satis

237 3625 276 3689 sit
290 3633 341 3690 aut
355 3625 417 3690 ficri
432 3623 526 3711 possit
540 3623 731 3707 significetur.
756 3623 869 3700 Quodsi
883 3643 931 3688 res
946 3624 1009 3709 ipsa
1024 3623 1116 3699 adest,
1132 3629 1166 3686 ut
1176 3621 1307 3706 conspici
1317 3621 1406 3686 etiam

237 3729 274 3794 ab
288 3729 422 3794 auditore
433 3729 537 3812 possit,
547 3731 660 3796 utimur
670 3727 732 3792 iere
748 3728 846 3812 aliquo
857 3737 951 3812 gestu,
967 3729 1047 3793 velut
1058 3727 1150 3810 digito
1161 3727 1191 3790 in
1206 3745 1271 3790 rem
1282 3726 1407 3803 intente,

237 3833 334 3899 addin
357 3853 427 3899 rece
441 3834 579 3918 quadam,
600 3853 675 3916 qnae
696 3833 848 3897 advenere
863 3833 1028 3897 auditorem
1051 3841 1081 3895 et
1095 3849 1159 3895 rem
1174 3829 1283 3895 intueri
1298 3829 1406 3894 iubeat.

144 3955 146 3960 ·
237 3935 317 4002 'l'alis
338 3957 393 4002 rox
413 3947 493 4002 recte
513 3956 679 4024 pronomen
698 3937 754 4002 dici
775 3945 883 4022 potest,
904 3935 1044 4019 quonimn
1058 3953 1123 4000 rem
1138 3951 1199 3999 nou
1214 3933 1336 4018 quidem
1350 3952 1408 3999 no·

239 4039 319 4104 mine
334 4041 387 4104 sed
401 4041 654 4106 demonstratione
669 4050 768 4106 tomen
781 4049 884 4104 notam
896 4041 979 4104 tacit:
994 4048 1099 4122 estque
1110 4037 1183 4102 baec
1194 4037 1408 4102 demonstratio

239 4161 282 4220 es,
298 4161 389 4228 quam
406 4144 579 4227 apottonius
592 4159 655 4209 non
670 4144 770 4226 inepte
785 4139 890 4221 δεῖξιν
909 4133 1100 4228 eric-dursac
1113 4141 1194 4216 dicit,
1210 4139 1294 4205 cuius
1306 4157 1409 4203 nuens

240 4245 315 4312 duee
335 4247 448 4332 species
463 4245 602 4331 distingui
615 4255 752 4332 possunt,
767 4247 867 4323 altera,
888 4263 978 4328 quarn
992 4243 1042 4310 ille
1057 4240 1115 4332 sris
1135 4234 1291 4330 πλησίον,
1306 4243 1408 4345 alters,

308 4507 335 4572 7)
351 4507 413 4562 Post
422 4465 542 4576 bopalsn
554 4503 657 4562 ineram
668 4507 713 4578 qul
722 4508 830 4576 ,stirpen
842 4505 999 4576 pronominis
1010 4503 1069 4573 gbs
1080 4503 1166 4572 potins
1177 4485 1409 4559 intercessissent

240 4601 346 4662 propter
356 4593 532 4648 murium
545 4589 697 4663 particulam¹
708 4593 853 4648 encliticam
865 4593 921 4662 gb·
934 4600 962 4646 et
972 4605 1091 4660 gruson
1102 4585 1150 4662 γε’,
1161 4590 1203 4662 ri.
