3186 4958
774 490 834 586 ree

212 685 312 756 videri,
327 685 379 767 qui
393 702 458 746 esen
474 703 510 747 cs
525 683 755 764 trarrspositione
770 683 897 766 quandam
914 679 1087 757 reerirorum,
1108 683 1260 762 ποιείτω,
1284 669 1383 746 oind’

212 781 273 864 sier
289 787 416 852 iaciat:
432 787 510 850 scin
525 785 734 870 quernodoi
749 795 845 851 ortam
860 805 926 850 esse
943 793 1057 868 putant.
1088 785 1155 850 i'uie
1172 789 1245 850 Ιιοοο
1262 787 1384 850 berrtbii

212 889 323 973 opinio,
336 891 456 972 probata
467 891 505 954 ab
517 890 697 963 iiernranoo,
709 890 875 958 binttbiaeo.
889 886 1089 952 Bairomieinie
1101 889 1224 972 aliisque
1237 889 1384 973 piurimis,

212 995 264 1058 sed
290 1001 370 1059 recto
399 993 524 1056 reintsta
546 1013 562 1056 s
583 993 705 1056 diodero
723 994 753 1057 in
774 1011 896 1056 censura
920 992 986 1056 libri
1010 991 1255 1066 liaeomieiniani,
1283 993 1384 1058 biorn.

213 1097 326 1181 antiqu.
347 1096 501 1176 (zeitschr.
521 1097 542 1160 i.
564 1096 593 1160 d.
613 1099 648 1160 b.
666 1095 723 1176 W.)
744 1115 812 1160 ann.
837 1096 915 1161 ists
938 1118 965 1180 p.
989 1095 1066 1158 837.
1101 1097 1249 1162 Nimirum
1270 1095 1383 1162 induxit

212 1203 279 1266 idos
299 1201 405 1264 iatinac
423 1219 458 1264 sc
478 1199 677 1264 recentiorum
701 1199 866 1282 linguarum
883 1203 1058 1284 proprietas,
1074 1223 1133 1286 qna
1149 1201 1338 1284 imperativus
1354 1201 1384 1266 in

212 1306 303 1369 libera
319 1315 434 1368 tantum
450 1303 651 1366 ennuntiatione
667 1313 837 1388 usurpator,
853 1322 913 1367 noo
928 1318 1027 1370 autem
1044 1307 1074 1370 in
1090 1327 1133 1381 ea,
1149 1325 1224 1388 quae
1236 1305 1272 1368 nb
1284 1305 1383 1388 aliquo

213 1409 319 1484 serbo,
342 1411 421 1471 reiut
441 1406 478 1470 ab
498 1393 617 1482 niodo,
639 1425 692 1489 per
713 1425 878 1489 pronomen
893 1417 945 1472 aut
959 1410 1131 1494 particulam
1148 1409 1382 1492 pronominaicm

211 1531 357 1594 suspensa
376 1520 431 1576 est.
461 1509 535 1572 iicon
556 1509 650 1591 ipsam
673 1509 821 1592 reperienti
841 1511 913 1573 nibii
934 1531 1039 1574 causae
1059 1531 1126 1575 esse
1148 1513 1308 1588 ridebitur,
1331 1531 1384 1576 cur

212 1633 274 1678 non
289 1615 378 1676 etiem
391 1611 582 1695 imperativus
595 1611 656 1694 pari
668 1611 731 1674 iure
743 1631 832 1693 quam
845 1613 934 1676 ceteri
946 1615 1025 1678 modi
1037 1615 1178 1697 suspendi
1191 1616 1233 1679 sic
1245 1617 1382 1697 potuerit.
1452 1681 1454 1686 ,

213 1717 308 1780 Veluti
324 1716 403 1798 quod
418 1714 495 1796 apud
512 1714 674 1776 iinmerum
690 1723 737 1776 est
753 1715 788 1776 ΙΙ.
806 1714 854 1788 ΙΧ,
875 1717 951 1779 tou:
975 1713 1114 1800 κλητοὺς
1136 1707 1323 1801 ὀτρύνομεν,
1348 1719 1387 1782 ni'

210 1841 248 1884 se
268 1813 411 1896 τάχιστα
433 1807 558 1882 ib'irou’
574 1811 609 1892 ἐς
630 1813 760 1903 κλισίην
775 1813 979 1903 Πηληιάδεω
993 1811 1159 1904 Ἀχιλῆος,
1182 1821 1280 1903 potuit
1294 1821 1384 1884 etiam

213 1923 270 1987 dici
286 1919 323 1986 ni
342 1955 385 1968 —
406 1912 595 1994 stadum,
623 1920 873 2000 quemadmodum
891 1921 1059 1986 iierodoius
1075 1922 1148 1985 dixit
1163 1923 1184 1992 i,
1207 1924 1266 1986 89:
1288 1919 1385 1987 seire·
1462 1982 1465 1988 .

214 2043 273 2089 uos
288 2059 329 2072 -
345 2021 520 2112 pridiem-c,
544 2013 581 2086 oi*
593 2017 763 2104 λεγόντων,
787 2023 822 2088 ad
839 2043 928 2106 quom
944 2025 1042 2088 iocum
1060 2024 1206 2107 iirdgerus
1221 2026 1274 2089 aba
1292 2045 1383 2108 ‹puae-

214 2129 283 2194 dant
300 2130 432 2212 exempla
445 2127 609 2212 imperativi
624 2145 677 2212 per
688 2145 854 2212 pronomen
866 2127 1020 2192 relativum
1032 2128 1069 2192 ab
1079 2129 1136 2192 aiio
1149 2130 1237 2193 serbo
1249 2131 1385 2212 suspensi

216 2233 363 2298 indicarit.
393 2231 478 2309 Quod
498 2239 597 2296 autom
620 2250 673 2314 pier
688 2249 869 2317 pronomen,
892 2231 968 2296 idenr
986 2233 1074 2296 etiam
1091 2251 1144 2316 pier
1158 2235 1383 2316 pronominalis,

215 2337 295 2400 reiut
309 2325 369 2413 ὥς,
400 2335 461 2400 tieri
476 2343 554 2399 recto
571 2345 683 2420 potem,
704 2334 954 2418 quaestioqnidem,
976 2337 1053 2401 sicui
1068 2337 1097 2400 in
1114 2337 1300 2402 coniunctiro
1315 2357 1384 2402 cum

215 2440 338 2506 aetionis
352 2439 563 2522 signiticaiinne
578 2439 734 2504 coniuncta
749 2450 795 2502 est
809 2439 899 2504 etiam
917 2439 1073 2504 volontatis
1086 2441 1242 2524 prunedum,
1257 2441 1321 2504 eius
1334 2443 1384 2523 qui

215 2543 356 2626 loquitur,
370 2543 591 2624 adsigniiicatio,
608 2563 696 2624 quam
713 2544 891 2606 recentiores
907 2543 1021 2626 iingrtae
1033 2545 1161 2608 nonnisi
1173 2545 1385 2610 alteriusverbi

214 2648 342 2724 auxilio,
364 2647 452 2710 ueluti
473 2653 613 2728 rodgen,
640 2646 758 2709 solicn
777 2664 811 2710 ac
831 2646 990 2720 similium,
1011 2649 1098 2730 (spone
1117 2655 1273 2732 propterea
1294 2649 1383 2712 etiarn

215 2749 366 2816 auxiliaria
377 2769 394 2812 a
405 2751 555 2813 nonnuliis
567 2749 662 2812 secari
674 2751 795 2826 solean)
806 2750 986 2833 exprimunt,
1002 2753 1045 2814 sio
1055 2753 1158 2816 eadem
1172 2753 1251 2816 serbi
1262 2749 1385 2816 alieuius

214 2854 365 2918 auxiliaris
386 2851 597 2933 adsignibeatio
624 2853 702 2915 inest
724 2853 754 2916 in
775 2853 966 2936 imperativo,
986 2873 1021 2916 ac
1041 2855 1163 2936 proinde
1182 2856 1256 2918 nibil
1277 2855 1384 2930 obstat,

215 2957 377 3041 ‹puonsinus
392 2957 416 3020 is
430 2973 549 3040 quoque
564 2957 670 3018 eodem
687 2957 794 3031 modo,
817 2975 877 3039 rpue
893 2955 1107 3030 coniunctirus,
1122 2959 1263 3040 suspendi
1278 2958 1315 3022 ab
1328 2957 1385 3022 aiio

216 3061 306 3125 serbo
331 3060 434 3143 possit.
464 3063 601 3124 Ceterum
623 3077 684 3122 non
705 3079 830 3140 prorsus
850 3061 887 3124 ab
909 3061 966 3122 boc
986 3079 1093 3141 genere
1111 3071 1277 3124 structurae
1296 3061 1385 3124 etiarn

216 3165 345 3228 maiores
360 3172 479 3226 nestros
493 3163 681 3226 abhorruisse
695 3163 722 3224 J.
736 3164 898 3228 Grimmius
913 3165 1012 3227 decuit
1025 3165 1054 3227 in
1072 3163 1225 3227 iiubniane
1240 3163 1350 3246 sylloge
1369 3165 1381 3224 l

216 3287 244 3352 p.
271 3268 331 3330 idd
353 3286 415 3347 sq.;
435 3265 487 3348 qui
502 3265 583 3348 quod
598 3266 779 3329 Graecorum
795 3285 882 3330 nsunt
899 3267 1119 3348 angustioribus
1133 3267 1242 3330 linibus
1257 3267 1387 3332 coerceri

218 3371 357 3456 opinatus
373 3381 425 3444 est,
440 3389 530 3450 quam
546 3369 682 3442 debebat,
698 3369 781 3433 insite
796 3369 992 3434 excusabitur.

304 3473 383 3537 liaeo
403 3472 555 3536 inactenus.
587 3471 644 3534 Sed
665 3471 814 3536 discedere
829 3473 866 3536 ab
881 3473 1118 3537 deitarnensibus
1133 3491 1194 3536 non
1210 3473 1305 3556 piacet
1319 3479 1388 3536 ante

216 3595 307 3660 speram
327 3574 572 3658 quaesiverimus,
599 3574 719 3638 ubinam
742 3575 788 3656 agi
807 3593 870 3638 rem
892 3575 922 3637 in
945 3577 999 3638 bac
1018 3576 1130 3650 tabula,
1157 3576 1217 3648 eei,
1244 3585 1279 3640 ut
1300 3577 1386 3659 suigo

216 3679 384 3763 loquimur,
406 3695 496 3761 quam
516 3677 657 3740 dramatis
676 3695 796 3740 scenam
819 3687 906 3761 poeta
921 3697 988 3742 esse
1004 3678 1142 3752 uoluerit,
1166 3697 1222 3758 apua
1238 3677 1275 3740 de
1291 3697 1323 3741 re
1338 3687 1390 3742 aut

217 3783 290 3846 niirii
309 3781 447 3844 dixerunt
466 3781 656 3864 interpretes,
679 3791 731 3846 aut
750 3782 781 3844 in
796 3781 968 3856 maniieste,
989 3789 1024 3844 ut
1039 3779 1112 3844 mibi
1127 3780 1247 3862 quidem
1264 3781 1389 3852 ridetur,

217 3904 318 3950 errore
338 3895 501 3949 versantur.
531 3891 573 3950 de
592 3885 629 3949 de
648 3885 744 3969 prims
764 3885 885 3969 quidem
902 3893 985 3968 parts
1000 3885 1115 3948 iabuiac
1128 3883 1189 3946 sire
1204 3884 1240 3946 de
1256 3885 1389 3968 prologo,

218 4007 314 4072 usquc
336 3987 372 4052 ad
388 4007 414 4052 r.
429 3987 502 4060 20³,
523 3989 602 4052 nulia
619 3999 665 4053 est
679 3989 821 4054 dubitatio
837 3989 909 4074 quin
925 4007 974 4054 res
989 3989 1019 4053 in
1035 3987 1097 4072 ipsa
1113 3987 1201 4063 urbe,
1225 3997 1255 4052 et
1270 3987 1389 4070 rpddem

220 4093 250 4156 in
266 4093 362 4176 Pnpec
377 4103 488 4176 mator.
518 4093 593 4160 iiiuc
609 4095 801 4178 Dicasopobs‚
816 4093 868 4178 qui
883 4093 941 4158 ianr
959 4112 986 4157 v.
1004 4091 1044 4157 ³3
1059 4113 1092 4157 se
1107 4111 1215 4177 pagum
1232 4111 1321 4156 suurn
1337 4111 1390 4156 ru·

222 4198 329 4262 sticum
345 4197 511 4262 desiderare
527 4199 681 4282 professus
695 4209 757 4274 sat,
778 4217 917 4282 prosper
932 4197 1143 4281 Amphitbeum
1159 4217 1228 4260 cum
1243 4197 1391 4260 Lacedae-

223 4300 330 4364 rnoniis
349 4301 492 4375 coniecta,
513 4305 613 4368 statim
628 4303 702 4368 urbo
716 4303 817 4368 relicta
832 4302 863 4366 in
877 4321 987 4386 pagum
1002 4301 1086 4365 idom
1101 4299 1205 4383 pergit,
1225 4300 1334 4380 ibique,
1357 4289 1392 4374 ἐς

223 4395 281 4465 ads
295 4397 400 4486 δῆμον
412 4397 522 4468 stads
536 4395 677 4487 ἅσμενος
692 4409 731 4483 (ν.
747 4405 823 4483 267)
839 4405 973 4488 Dionysia
987 4403 1094 4468 ruralia
1110 4403 1247 4468 celebrat.
1277 4402 1391 4476 Quem·

224 4521 293 4567 naar
313 4505 402 4588 igitur
420 4507 501 4570 hune
518 4527 627 4591 pagum
646 4529 712 4574 esss
732 4505 889 4574 dicemus?
921 4507 1066 4572 Audimus
1085 4506 1185 4590 ipsum
1201 4503 1391 4587 Dicaeopoiin
