3182 4962
642 407 793 508 -ι-ιι-

228 600 406 684 conspimnt
419 617 544 685 prorsus
562 601 636 665 haec
650 597 767 683 Epicuri
787 603 941 680 praecepte
961 613 1031 660 cum
1051 591 1157 659 ceteris
1171 592 1306 676 philoso-

138 701 215 787 phis,
231 705 411 790 quicumque
427 723 488 768 non
503 705 533 768 in
548 705 706 770 etheorum
722 720 848 765 nomem
863 698 1002 764 censendi
1016 703 1102 770 sunt,
1124 705 1305 780 potueruut-

138 826 197 890 que
213 827 287 890 quoe
304 809 437 872 illedixit
456 808 560 871 iisdem
581 807 666 891 plane
688 803 782 867 serbis
797 803 885 866 etiam
901 821 918 865 a
934 801 1040 866 Stoicis
1060 801 1131 874 dici,
1154 799 1305 864 acerrimis

139 911 312 994 ceteroquin
329 911 445 993 Epicuri
461 909 641 974 adversariis.
671 907 709 971 lit
728 915 828 972 tamen
851 905 950 970 omnis
971 903 1088 987 Epicuri
1109 903 1253 986 theologia
1267 903 1306 966 nb

139 1032 174 1075 ea
189 1033 278 1096 quum
295 1015 385 1078 Stoici
402 1013 573 1098 probabant,
590 1012 765 1085 turocaelo,
781 1010 926 1083 utaiqut‚
948 1008 1089 1081 distabat.
1109 1017 1139 1071 et
1159 1027 1252 1088 quum
1273 1006 1314 1070 tu·-

140 1117 260 1199 quidcm
275 1117 446 1200 religionem
463 1119 620 1182 emendare
635 1123 665 1180 et
680 1115 900 1200 quodammodo
915 1113 1017 1178 lulcire
1032 1123 1219 1186 conarentur,
1235 1110 1306 1194 Epi·
1358 1178 1364 1188 ,

141 1239 231 1285 curus
251 1233 353 1286 contro
374 1243 494 1287 omnem
514 1223 702 1306 religionem,
723 1241 799 1304 quac
819 1219 938 1303 quidem
961 1235 1027 1282 rete
1047 1215 1090 1280 sic
1111 1215 1234 1279 dicenda
1256 1213 1306 1289 sit,

141 1325 274 1390 lunditus
295 1329 449 1392 sustulisse
463 1339 493 1391 et
506 1348 542 1392 es
562 1327 718 1392 huminum
739 1323 844 1389 animis
863 1323 996 1387 evellisse
1017 1339 1077 1386 nou
1097 1321 1200 1385 iniuria
1217 1338 1306 1385 accu-

141 1438 234 1494 setur.
267 1429 329 1494 ttoc
348 1449 440 1494 unum
461 1430 540 1494 enim
561 1431 800 1514 interutrosque
819 1427 971 1502 convenit,
993 1437 1027 1491 ut
1047 1426 1125 1508 uulgi
1147 1424 1305 1508 opiniones

142 1533 178 1596 do
193 1533 239 1597 dis
253 1533 429 1616 impugnent
442 1545 530 1618 etque
544 1535 691 1610 reiicient;
707 1534 743 1598 de
758 1541 861 1597 natura
876 1543 975 1596 sutem
992 1531 1116 1595 deorum
1128 1533 1205 1593 etde
1218 1547 1306 1592 reue·

142 1638 257 1702 rutiouc
272 1637 412 1720 cultuque
427 1637 469 1701 eis
484 1639 584 1702 debito
599 1638 671 1701 nilnil
693 1638 771 1702 inter
791 1657 842 1701 eos
862 1653 1022 1700 commune
1043 1645 1098 1698 est.
1130 1633 1225 1698 liuius
1244 1633 1306 1697 dis·

142 1743 308 1824 crepantiae
319 1743 344 1806 si
355 1761 459 1806 censes
470 1743 650 1822 quaerimus,
664 1741 719 1804 lune
733 1742 807 1804 duae
818 1760 850 1804 se
862 1739 947 1803 nobis
958 1741 1095 1815 oderunt,
1109 1739 1210 1806 altera.
1226 1737 1307 1820 quod

143 1865 204 1928 quo
218 1847 308 1910 modo
324 1847 405 1909 notio
417 1845 541 1909 deorum
556 1846 586 1910 in
597 1845 754 1909 hominum
765 1843 871 1908 animis
883 1854 949 1906 unte
960 1851 1049 1920 emet,
1060 1843 1114 1906 alin
1126 1841 1307 1914 Stoicorum,

143 1950 198 2012 alia
214 1949 330 2031 Epicuri
351 1949 496 2012 sententie
518 1949 589 2022 luit,
611 1968 704 2031 quum
725 1949 764 2012 itti
779 1966 897 2011 cauum
914 1946 977 2009 eius
997 1947 1034 2009 ab
1049 1944 1243 2010 admiratione
1258 1963 1307 2008 re·

144 2069 211 2114 mm
232 2053 401 2117 caelestium
422 2052 579 2135 omnisque
599 2068 699 2117 rerum
720 2061 842 2116 naturae
857 2049 1105 2133 contemplatione
1129 2055 1308 2131 repeterent,

145 2173 202 2236 qun
218 2156 346 2240 permoti
361 2157 497 2221 hominus
511 2155 643 2220 numinis
657 2155 762 2230 diuini,
785 2173 846 2238 quo
867 2154 1139 2236 recuperentur,
1155 2151 1309 2215 notionem

145 2259 359 2342 concepissent.
376 2261 520 2344 Epicurus
534 2270 632 2326 autem
649 2261 773 2324 deorum
789 2258 944 2323 notionem
960 2275 1021 2320 uon
1035 2257 1152 2322 aliunde
1167 2275 1256 2338 quam
1270 2255 1308 2319 sir
1403 2262 1406 2266 '

143 2363 317 2445 terragiuibus
329 2364 506 2448 quibusdam
518 2365 624 2429 divinis
635 2363 666 2428 in
677 2363 791 2428 animos
804 2363 958 2427 huminum
971 2361 1078 2446 illapsis
1089 2361 1212 2425 deriuari
1221 2378 1309 2443 posse

144 2475 296 2532 statueret
331 2469 429 2533 Altera
443 2487 530 2533 cause
546 2469 619 2533 haec
633 2476 714 2543 erat,
736 2468 833 2550 quod,
855 2483 948 2548 quum
962 2465 1173 2530 beatitudiuem
1189 2463 1308 2548 quidem

144 2571 262 2652 utrique
278 2572 323 2636 dis
338 2573 511 2646 tribuerent,
528 2571 564 2635 de
583 2571 647 2655 ipsu
662 2579 763 2634 tamen
778 2569 958 2634 beatitudine
972 2587 1096 2652 prorsus
1110 2569 1224 2632 diuersa
1239 2585 1308 2631 sen·

143 2673 265 2740 tiebant.
300 2676 374 2739 n'am
391 2675 482 2740 Stoici
504 2675 586 2739 nullo
610 2675 701 2738 modo
723 2673 882 2738 abhorrere
902 2691 967 2736 cam
987 2671 1155 2737 iudicabant
1173 2692 1191 2736 a
1206 2669 1310 2736 mundi

144 2777 237 2842 totius
257 2778 529 2854 administratione,
550 2795 703 2862 quumque
725 2776 828 2842 beettu
848 2793 938 2840 nemo
957 2795 1024 2841 esse
1045 2783 1147 2860 posset
1165 2775 1222 2840 uisi
1240 2793 1308 2839 cunr
1382 2843 1384 2848 ,

143 2879 250 2944 uirtute
262 2889 292 2944 et
302 2881 454 2964 sapientie,
469 2900 525 2948 uec
539 2883 632 2947 virtus
646 2901 711 2946 csse
725 2888 827 2965 posset
841 2879 906 2945 siue
920 2879 1051 2956 actione,
1070 2879 1195 2944 deorum
1209 2887 1309 2943 autem

144 3142 223 3209 magis
237 3141 367 3210 propriam
378 3142 552 3196 deliniendi
565 3141 774 3209 slqsiiestioseut
786 3143 881 3195 hiere
893 3141 984 3196 solent.
1009 3141 1058 3195 set
1071 3157 1145 3211 quesn
1157 3141 1310 3210 propinquae

103 3297 105 3304 Α
145 3231 191 3281 tsae
211 3229 410 3296 signitieatlcnes
431 3233 483 3284 sint
503 3230 661 3285 manifestum
682 3237 731 3283 est.
754 3227 788 3282 nc
808 3228 934 3296 potuisset
946 3227 1073 3295 Epicurus
1095 3231 1119 3282 in
1137 3228 1182 3282 ills
1201 3227 1309 3298 epistole

144 3317 219 3368 etiam
242 3311 383 3387 ὁρίζονται
404 3319 531 3384 senilem,
553 3317 758 3386 quemadmodum
775 3316 896 3383 scriptu·
913 3325 954 3369 est
965 3317 998 3368 te
1010 3317 1105 3371 Stoicis
1117 3318 1181 3382 apud
1194 3317 1235 3371 nc
1249 3315 1308 3369 nte·

143 3403 258 3455 tart-husu
272 3403 302 3456 de
315 3403 379 3470 plac.
392 3404 452 3474 pluit.
469 3405 490 3470 l,
502 3421 525 3457 e.
538 3407 566 3457 tte
587 3402 728 3474 ὁρίζονται
742 3399 792 3469 τὴν
804 3403 853 3455 soi·
866 3405 948 3456 θείου
959 3399 1064 3457 orietur
1075 3399 1177 3465 οῧιως·
1196 3403 1309 3458 userius

143 3485 244 3556 coeptis
256 3489 301 3541 sel
315 3489 444 3558 πυρῶδες
455 3491 527 3552 serta
540 3505 595 3542 nanu
607 3490 639 3544 sd
651 3489 815 3541 deliniendum
825 3490 929 3543 deorum
942 3491 1077 3558 notionem,
1089 3493 1187 3560 qualem
1198 3507 1231 3544 es
1243 3507 1311 3545 ensa·

142 3575 209 3627 muni
221 3576 386 3642 persuasione
398 3591 484 3629 omnes
503 3575 696 3642 proturbantur,
712 3576 776 3628 sntis
788 3575 872 3628 videri
885 3585 995 3642 poteras,
1011 3586 1039 3630 nt
1051 3579 1199 3631 dicerentur
1210 3579 1311 3630 iusser-

143 3658 209 3712 tales
232 3669 259 3712 et
279 3661 359 3730 lereti,
379 3663 503 3730 siquldesn
516 3661 639 3714 meeum
651 3661 714 3713 sdeo
726 3663 830 3712 deorum
844 3663 946 3728 propria
959 3671 1027 3728 sunt,
1041 3673 1068 3716 ut
1080 3665 1102 3716 sl
1115 3665 1172 3732 qais
1182 3658 1313 3734 μιιίιιιριις
1381 3729 1387 3736 ⁸
1482 3729 1488 3736 ,

142 3747 188 3798 sol
208 3741 370 3808 osorton:
389 3749 440 3801 diei
461 3749 560 3814 audiet,
580 3747 668 3800 ststisn
689 3747 750 3799 deos
771 3747 822 3799 diei
838 3747 1020 3813 totetttpsc-
1032 3751 1124 3804 outter
1140 3751 1234 3802 addere
1250 3749 1312 3802 tues

33 3861 35 3867 ,
142 3831 219 3884 etiam
240 3831 349 3886 alterius
372 3835 421 3886 loel
441 3833 557 3901 eerrupti
574 3833 599 3886 ln
612 3833 724 3885 eiusdem
736 3831 841 3900 Epicuri
853 3833 980 3900 epistolne
992 3837 1115 3905 principio
1127 3835 1152 3905 ἦ.
1168 3837 1216 3890 iil
1228 3851 1312 3889 ennes-

142 3918 269 3971 daticnent
291 3920 475 3986 neeessariam,
495 3919 637 3973 incohatam
658 3935 673 3972 a
695 3919 840 3982 Gassendo,
862 3921 967 3972 sednon
982 3920 1129 3989 porterum.
1152 3922 1312 3989 lasituribi,

145 4011 202 4073 post
214 4015 423 4059 commemoretur
440 4003 518 4059 lslsas
530 4007 602 4074 vulgi
613 4007 644 4059 de
656 4007 695 4059 dis
707 4007 852 4074 opiniones:
873 4001 957 4060 indes
969 4007 1001 4060 nt
1010 4007 1143 4078 μίγισιιιι
1156 4005 1256 4076 steps·
1270 4009 1314 4060 st·

142 4095 201 4144 stus
221 4095 282 4151 sois
303 4095 400 4153 sesols
419 4091 451 4147 ds
472 4094 549 4146 dreis
568 4089 726 4163 s'rrsiyosseu
746 4093 793 4144 sul
814 4087 948 4162 elqlisrsss
965 4091 1169 4165 sos'rslysnos'r.
1192 4093 1315 4150 Gerreait

143 4176 290 4231 Gsssesdns
307 4179 457 4246 verlsslsse,
476 4173 562 4233 indes
577 4179 625 4232 ssi
636 4183 772 4252 pertusus
783 4174 886 4246 pds'sser
897 4180 959 4238 sois
970 4185 1068 4240 macir
1079 4177 1111 4235 s'a
1121 4183 1200 4237 sens
1210 4177 1315 4252 lns'ys·

144 4269 214 4318 ndns
232 4264 279 4316 sel
292 4261 428 4336 ἀφελείας
440 4267 499 4324 τοῖς
510 4259 643 4334 ἀγαθοῖς,
664 4282 712 4319 noa
725 4265 833 4318 debebat
844 4272 929 4318 autent
942 4266 1030 4318 nister
1042 4265 1139 4335 delere,
1150 4271 1195 4322 sed
1207 4269 1235 4322 ln
1246 4269 1316 4322 stre·

143 4347 229 4402 avrea
250 4359 358 4405 natare
382 4349 409 4404 ln
430 4349 554 4420 proximis
575 4351 672 4418 serbis,
693 4355 755 4410 ruis
770 4345 827 4422 reip
844 4347 933 4410 ldlsss
945 4348 1137 4424 olsssoaipssros
1148 4351 1199 4408 διὰ
1211 4350 1317 4414 asserir

143 4429 255 4506 dpsrsts
267 4431 332 4497 τοὺς
343 4433 462 4506 ὁμοίους
473 4429 677 4506 tanqum„
688 4445 747 4504 pest
758 4433 824 4496 esdr
834 4436 975 4491 stoma·
987 4445 1049 4506 pate
1061 4435 1157 4502 saera.

186 4515 234 4581 tv.
413 4553 416 4562 ·
1069 4521 1113 4586 22
