3266 4958
878 385 899 450 t

811 471 959 486 a

305 578 422 644 civitate
440 595 584 642 numerus
605 575 814 660 imperitonrm
834 587 886 644 aut
905 577 1109 661 improborum
1125 595 1213 660 quam
1229 578 1418 660 pmdentium
1433 597 1467 642 ae

306 681 452 743 bononem
467 681 520 754 sil,
538 681 565 744 si
580 681 617 744 de
632 681 720 744 unius
734 681 878 766 cuiusque
891 681 1031 765 dqnitate
1046 681 1186 745 iudicium
1202 680 1384 744 multitudini
1398 701 1468 764 per-

306 781 433 845 missum
452 791 514 854 est,
533 783 727 847 manifestum
747 793 793 847 est
811 785 841 846 in
856 785 914 846 boc
929 785 972 848 rei
986 783 1119 866 publicae
1133 791 1214 846 statu
1228 803 1352 865 prorsus
1366 793 1469 848 contra

305 895 442 950 naturam
460 895 633 972 rectamque
653 888 798 952 rationem
819 907 871 952 ecs
891 888 954 952 lere
974 887 1135 971 plurimum
1153 887 1263 962 ualere,
1284 888 1335 970 qui
1350 887 1380 950 in
1395 887 1469 950 bene

305 989 466 1056 constituta
484 1010 517 1056 re
539 991 656 1076 publica
675 991 832 1055 minimum
856 991 950 1056 ualere
971 992 1122 1056 deberent.
1151 991 1252 1055 Talem
1269 992 1355 1056 nobis
1369 1009 1468 1054 rerum

305 1092 411 1159 laniem
432 1105 463 1160 et
481 1095 558 1179 apud
574 1096 702 1160 Gmecos
721 1107 752 1159 et
773 1097 850 1179 apud
867 1097 1017 1160 llomnaos
1037 1097 1159 1160 historia
1180 1097 1324 1168 ostendit,
1347 1105 1378 1160 et
1392 1096 1470 1178 apsud

305 1207 464 1282 utrosque,
497 1209 687 1283 posteaquam
713 1199 894 1281 aliquamdiu
920 1199 1097 1264 factionibus
1123 1209 1268 1264 cenatum
1294 1209 1340 1264 est
1364 1218 1471 1280 resque

304 1301 420 1383 publice
434 1303 594 1366 uictoribus
609 1303 639 1365 in
654 1303 793 1384 praedam
808 1301 914 1375 cessit,
935 1311 1087 1383 postremo
1102 1303 1221 1366 libertas
1235 1303 1299 1382 illa,
1319 1311 1471 1386 quarceto

304 1403 423 1466 utinen
438 1413 604 1486 potuerant,
618 1405 647 1466 in
662 1405 835 1468 semitutum
851 1404 1052 1484 gravissimam
1070 1424 1212 1470 conuersa
1223 1415 1278 1468 est
1306 1406 1384 1469 llaec
1396 1405 1472 1468 mala

304 1513 418 1569 veteres
443 1523 543 1569 rerum
564 1505 722 1588 scriptores
745 1515 796 1570 aut
816 1506 951 1568 viderunt
970 1507 1032 1570 suis
1051 1505 1106 1588 ipsi
1127 1508 1236 1580 oculis,
1262 1517 1314 1572 aut
1332 1506 1473 1570 accidiam

305 1605 375 1669 alibi
390 1615 571 1682 memorant,
586 1613 638 1670 aut
652 1607 752 1672 lutura
767 1627 833 1670 esse
848 1609 1044 1690 praesagiunt,
1061 1626 1157 1688 neque
1173 1617 1358 1690 quemquam¹
1368 1625 1472 1670 eorum

305 1729 373 1772 esse
388 1719 512 1784 constet,
531 1712 603 1794 quin
619 1731 724 1776 omnes
739 1729 813 1793 quas
828 1711 948 1794 quidem
964 1710 1019 1792 ipsi
1035 1719 1158 1773 nossent
1173 1729 1274 1774 rerum
1289 1709 1471 1792 publicarum

303 1810 417 1874 lormss
431 1813 468 1876 ab
483 1815 597 1896 optimo
612 1822 692 1878 ststu
708 1815 793 1896 longe
808 1815 922 1890 abesse,
938 1831 1035 1894 nequeo
1050 1811 1128 1874 alitrd
1144 1813 1199 1875 illis
1211 1813 1296 1876 malis
1307 1813 1471 1876 remedium

304 1913 436 1977 adbiberi
451 1935 538 1998 prosse
552 1925 680 1991 cernent,
697 1935 786 1999 quam
802 1918 828 1980 si
843 1916 951 1998 praesit
965 1915 1007 1977 rei
1023 1914 1156 1996 publicae
1171 1923 1300 1996 potestas
1315 1916 1471 1984 eiusmodi.

305 2033 382 2096 qnae
397 2016 460 2098 ipsa
475 2017 573 2080 omnis
587 2037 693 2100 expers
709 2019 888 2090 certaminis,
904 2035 998 2097 nuque
1011 2016 1158 2079 nobilibus
1170 2035 1267 2098 neque
1279 2018 1473 2098 locupletibus

304 2133 403 2198 neque
422 2119 603 2182 multitudini
625 2121 692 2202 plus
707 2139 802 2202 aequo
817 2121 918 2182 lassus
932 2127 983 2182 aut
997 2119 1138 2192 obnoxie,
1163 2137 1260 2181 veram
1276 2119 1348 2182 iuris
1363 2137 1473 2200 aequa-

306 2218 450 2282 uilitatem
466 2219 614 2284 crtstndiat
627 2222 715 2303 idque
731 2231 876 2304 quantum
892 2221 987 2302 possit
1003 2220 1124 2293 efficiat,
1146 2229 1179 2283 ut
1194 2239 1283 2284 suum
1297 2221 1403 2302 cuique
1418 2239 1473 2302 pro

305 2319 445 2401 dignitate
460 2321 616 2385 tribuatur.
644 2323 781 2387 Exerceri
795 2333 894 2388 autem
910 2322 1083 2384 huiusmodi
1097 2331 1273 2404 potestatem
1290 2341 1351 2386 non
1368 2325 1473 2385 melius

304 2441 394 2505 posse
408 2423 547 2498 iudicant,
563 2443 652 2506 quam
667 2427 704 2489 ab
719 2445 780 2490 uno
796 2427 858 2490 siro
874 2426 952 2489 bono
964 2433 994 2487 et
1004 2425 1146 2506 sapiente,
1163 2435 1279 2490 tanetum
1293 2443 1382 2508 supra
1393 2435 1473 2488 cete·

304 2541 356 2588 ros
372 2541 477 2588 omues
491 2525 585 2600 elato,
607 2537 640 2590 ut
655 2527 735 2592 nulla
750 2547 819 2592 eum
835 2529 963 2610 partium
979 2528 1077 2592 studia
1092 2529 1250 2612 attingunt,
1266 2530 1403 2610 nullaque
1419 2545 1474 2590 nec

306 2627 504 2692 aemulatione
525 2637 577 2694 aut
597 2630 704 2694 lusidio
726 2651 782 2696 nec
801 2633 892 2714 gratia
912 2643 941 2696 et
956 2633 1116 2697 anddtionc
1132 2632 1319 2715 praepeditus
1335 2632 1363 2694 id
1378 2650 1472 2694 unum

302 2739 418 2813 spectet
436 2739 645 2814 assequatur,
667 2735 744 2814 quod
764 2737 835 2798 utile
855 2737 898 2800 rei
918 2736 1066 2818 publicae,
1088 2735 1146 2797 boc
1160 2745 1206 2798 est
1221 2754 1282 2797 rum
1297 2735 1383 2798 elicui
1398 2734 1473 2817 parti

304 2833 412 2896 civium
433 2833 484 2897 sed
505 2853 599 2918 aeque
622 2837 763 2900 universis
783 2837 923 2920 prodesse
939 2839 1088 2920 intelligat.
1119 2838 1201 2900 llauc
1216 2838 1253 2899 cb
1268 2857 1384 2901 euersam
1401 2858 1474 2920 pru·

304 2936 471 3000 dentissimi
491 2937 651 3020 scriptores
672 2939 783 3003 nullam
804 2941 846 3003 rei
861 2940 994 3022 publicae
1009 2939 1253 3004 constitutionem
1269 2940 1473 3020 optabiliorem

306 3057 374 3101 esse
402 3049 581 3103 censuerunt
600 3059 689 3123 quam
709 3039 786 3123 regis
808 3043 965 3124 imperium
986 3061 1055 3105 cum
1078 3042 1186 3104 iustitia
1209 3049 1239 3103 et
1259 3043 1400 3122 sapientia
1420 3043 1472 3104 ad-

308 3140 529 3205 ministratum:
551 3153 679 3217 cerens,
697 3144 758 3206 sire
779 3163 942 3226 paucorum
964 3145 1024 3208 sive
1040 3143 1238 3206 multitudinis
1253 3143 1373 3206 arbitrio
1389 3163 1472 3226 rege·

307 3251 426 3318 rentur,
446 3277 490 3290 -
508 3245 610 3326 quales
624 3255 708 3309 erant
722 3247 856 3329 ipsorum
872 3247 1012 3322 civitates,
1026 3281 1070 3292 —
1084 3248 1178 3309 multo
1194 3245 1292 3310 miuus
1307 3246 1473 3329 probandas

308 3345 467 3430 minusque
493 3347 530 3410 ed
557 3347 668 3411 bonum
696 3349 847 3432 publicum
876 3350 1019 3414 tuendum
1040 3349 1334 3432 conservandumque
1355 3351 1475 3414 idoneas

307 3467 375 3512 esso
397 3448 571 3514 indiceruut.
599 3451 697 3535 dtque
712 3451 770 3516 hoc
784 3471 889 3516 eorum
905 3453 1046 3517 iudicium
1062 3461 1144 3516 tanto
1159 3453 1274 3536 grauius
1288 3473 1353 3518 esse
1368 3455 1475 3519 latebi-

310 3569 395 3628 mur,
417 3561 529 3634 quamn
549 3553 641 3637 magis
662 3553 718 3636 ipsi
738 3562 769 3619 et
792 3555 964 3638 eligarchlae
979 3565 1010 3620 el
1024 3557 1219 3621 democratiae
1234 3558 1311 3621 mala
1325 3567 1413 3642 atque
1428 3559 1475 3622 in·

309 3657 466 3721 commoda
477 3657 655 3740 experiendo
667 3657 782 3741 cognita
793 3658 949 3734 bubebant,
961 3679 1054 3744 eaque
1065 3679 1127 3724 non
1138 3659 1259 3725 fortuita
1269 3663 1476 3743 atqueadren-

309 3758 392 3836 ticin,
412 3761 464 3826 sed
484 3779 553 3826 cunr
576 3761 647 3846 ipsis
664 3761 720 3826 illis
734 3761 777 3827 rei
791 3761 925 3846 publicae
939 3763 1044 3828 lormis
1058 3763 1225 3828 necessario
1240 3763 1396 3828 coniuncta
1410 3785 1476 3830 esse

311 3861 524 3947 intelligebant.
544 3875 578 3929 ut
597 3865 698 3932 evitari
719 3867 800 3932 nullo
821 3867 912 3931 modo
930 3876 1070 3951 possent,
1090 3869 1146 3933 nisi
1162 3868 1187 3932 si
1201 3876 1306 3932 natura
1320 3868 1476 3934 bominum

313 3965 368 4030 alia
382 3966 474 4042 beret,
489 3969 742 4052 quemadmodum
758 3970 841 4034 l‘lato
856 3969 887 4034 in
902 3989 936 4034 ea
951 3989 1041 4054 mam
1056 3973 1119 4056 ipse
1133 3971 1305 4038 inlonuavit
1318 3973 1477 4057 republica

313 4069 400 4134 οῑίιω
414 4089 508 4155 penus
522 4073 677 4140 bominum
692 4073 730 4140 ab
739 4074 807 4152 boe,
823 4074 903 4158 quod
914 4075 945 4139 in
957 4075 1042 4142 terris
1053 4085 1109 4154 est,
1123 4077 1211 4161 longe
1222 4077 1372 4142 diuersum
1384 4077 1476 4142 duxit.

315 4170 438 4256 Regium
459 4193 529 4240 rere
549 4175 722 4262 imperium,
742 4177 830 4263 quale
849 4177 1003 4264 optabant,
1027 4181 1096 4247 licet
1116 4199 1173 4248 uec
1190 4181 1269 4268 apud
1283 4201 1316 4247 se
1330 4199 1386 4247 nec
1399 4181 1477 4266 apud

316 4275 389 4342 alios
408 4277 586 4362 experiendo
600 4285 822 4366 cognovissent.
843 4283 901 4350 boc
914 4291 1015 4352 nmen
1030 4303 1207 4372 persuasum
1222 4285 1384 4362 habebant.
1404 4286 1478 4351 laei-

292 4373 1113 4490 llusdsriporssutmetisistbosremtstsdittrur,
1134 4389 1477 4477 quamoptimemludi·
