3186 4958
883 465 1027 562 ill.

367 655 398 720 in
415 655 555 741 opuscul.
575 673 619 717 ao.
641 653 690 730 lll,
711 675 740 738 p.
756 655 865 732 utut).
911 656 1019 718 uestro
1039 664 1139 718 autom
1160 655 1241 730 loun,
1261 653 1311 718 ott
1332 655 1489 739 proinde
1504 654 1535 718 in

368 759 452 822 codd.
469 757 591 840 legitur,
607 757 806 840 comparativa
821 758 994 841 significatio
1010 759 1093 822 laeilo
1106 757 1291 840 agnoscitur,
1308 757 1451 840 licetque
1467 777 1536 842 por·

368 861 459 924 lineat
478 861 551 924 hate
570 863 752 943 oontparatie
773 881 834 925 nott
855 863 964 925 diserte
980 861 1140 936 indimtur,
1161 861 1212 923 sed
1228 860 1464 938 subaudiendum
1480 864 1534 925 sit:
1578 853 1580 862 '

366 963 478 1028 scilieet
492 983 572 1028 arare
585 963 787 1028 llritannieutn
800 983 859 1028 non
875 965 999 1050 proinde
1015 984 1119 1048 quarn
1136 964 1207 1028 ulia
1224 964 1317 1026 tentis
1329 965 1439 1026 attolli:
1455 965 1535 1046 qnod

367 1085 460 1149 penus
478 1068 624 1153 ellipseos,
650 1067 739 1131 etiam
759 1067 837 1151 apud
858 1070 996 1143 Graecos,
1018 1069 1068 1150 qni
1089 1059 1148 1145 οὐχ
1171 1059 1297 1148 ὁμοίως
1319 1067 1425 1130 eodem
1446 1067 1535 1130 mode

367 1181 523 1253 usurpant,
544 1172 629 1254 lenge
649 1171 934 1253 frequentissimum,
957 1189 1049 1253 quum
1071 1170 1182 1232 dudum
1198 1190 1215 1232 a
1230 1169 1332 1232 multis
1348 1171 1535 1234 obseruatum

366 1273 498 1356 satisque
512 1273 689 1338 illustratum
704 1275 751 1348 sit,
771 1275 905 1358 plnrihns
926 1293 1006 1337 nune
1020 1273 1056 1335 de
1071 1293 1106 1336 eo
1129 1271 1271 1356 disputari
1287 1273 1360 1336 nihil
1381 1292 1458 1355 opus
1478 1281 1533 1335 est.

367 1376 431 1439 llou
446 1395 539 1440 unum
554 1377 699 1450 addimus,
715 1378 804 1440 etiam
818 1377 847 1440 iu
862 1399 910 1455 ee,
926 1377 1007 1460 quod
1023 1376 1151 1438 liritzius
1167 1396 1221 1460 pro
1236 1377 1373 1459 exemplo
1387 1376 1534 1439 adhibuit:

367 1479 471 1556 „ualde
486 1490 610 1544 onustos
626 1497 746 1554 curum,
768 1479 819 1542 uhi
835 1481 965 1544 iumenta
980 1479 1034 1542 niti
1055 1480 1218 1562 coeperint,
1239 1498 1300 1542 non
1322 1479 1446 1564 proinde
1468 1499 1535 1542 mo·

368 1583 442 1662 veri,
463 1585 516 1648 sud
536 1583 686 1668 paullatim
708 1583 829 1645 detttutn
851 1581 1008 1646 ittcitari:“
1033 1581 1106 1646 nihil
1127 1581 1260 1656 ehstare,
1282 1581 1443 1662 quominus
1465 1581 1535 1644 illud

368 1707 440 1754 non
456 1689 622 1773 proinde,
637 1697 740 1753 comm
757 1685 848 1770 ipsius
863 1685 1057 1759 setttentium,
1073 1685 1306 1770 cooperativum
1323 1707 1387 1750 esse
1403 1685 1536 1750 dioutnns

368 1805 399 1858 et
418 1795 597 1878 sipttilicare,
617 1813 689 1860 non
709 1795 759 1858 ita
778 1793 823 1856 rel
843 1811 916 1856 non
937 1801 1005 1856 tam
1026 1792 1102 1856 oite
1122 1811 1228 1856 currus
1249 1791 1360 1856 mereri
1376 1810 1464 1874 quant
1481 1809 1536 1874 pro

368 1897 436 1962 uisu
451 1899 653 1963 iumentorum
669 1897 876 1984 expectaveris.

455 2005 524 2086 Cap.
540 2003 590 2078 ut,
606 2005 636 2066 ·l.
666 2003 799 2066 Eorum
826 2021 929 2066 sarra
951 2000 1204 2084 deprehendas
1223 1999 1536 2082 superstitionum

371 2107 625 2189 persuasione.
670 2105 752 2170 llane
778 2105 913 2170 eodiennt
941 2103 1096 2168 lectionem
1119 2102 1237 2167 llhuitts
1257 2105 1381 2185 eiusque
1402 2105 1557 2188 exemplo

371 2209 499 2274 lirituins
518 2230 579 2274 nou
595 2212 747 2275 ierendant
768 2209 823 2273 tuti
845 2208 1027 2293 seripserunt
1046 2205 1359 2288 superstitionum
1381 2225 1537 2290 persua-

371 2313 515 2388 siones,
530 2315 682 2398 ttspmleto,
701 2321 735 2378 ut
751 2313 836 2376 uehis
852 2311 972 2396 «pridem
990 2309 1112 2384 ridetur,
1133 2329 1275 2395 perunum
1292 2311 1367 2373 tlure
1382 2319 1413 2374 ot
1427 2311 1473 2372 tiu
1490 2320 1535 2373 to·

371 2415 497 2494 lerahili,
522 2419 732 2502 unanimiorem,
758 2417 783 2482 si
802 2424 952 2481 eettstaret
972 2414 1009 2478 de
1030 2415 1204 2478 rtemssitute
1220 2415 1378 2480 rnutnutlae
1394 2415 1536 2492 lectionis,

370 2522 458 2586 etiam
474 2525 611 2606 copulatu
626 2533 664 2588 et
679 2523 724 2588 rel
738 2543 780 2586 ao
795 2522 933 2585 ittsertunt
950 2519 1114 2582 maluerim.
1146 2521 1203 2583 Sed
1224 2521 1294 2602 quid
1309 2522 1430 2586 tandem
1446 2534 1493 2588 est
1507 2524 1537 2588 in

370 2625 505 2690 codicum
521 2627 647 2692 lectione
662 2645 723 2690 non
739 2622 921 2690 terendum?
950 2623 1116 2700 tuterit-es,
1131 2624 1229 2701 aiunt,
1249 2628 1340 2691 serbo
1355 2629 1397 2690 sic
1412 2639 1536 2713 postpo-

370 2727 454 2804 situs,
475 2740 509 2794 ut
524 2751 593 2795 enm
609 2751 645 2795 oo
660 2731 750 2794 etiant
767 2727 988 2794 constructione
1003 2727 1162 2792 cohaerere
1179 2729 1318 2793 videatur.
1341 2732 1415 2794 h'atn
1431 2733 1537 2814 depre-

371 2831 499 2897 hendere
514 2835 622 2918 aliquid
637 2833 734 2916 aliqua
748 2851 780 2896 re
795 2833 838 2896 sie
851 2833 973 2896 demum
989 2829 1045 2893 diei
1062 2841 1167 2916 potest,
1182 2831 1208 2895 si
1222 2853 1257 2896 ea
1273 2853 1320 2896 res
1336 2853 1390 2918 pro
1406 2845 1476 2898 nota
1491 2843 1538 2898 at·

372 2953 429 3016 pue
449 2937 557 3000 indicio
576 2938 630 3012 sit,
652 2938 730 3000 unde
753 2937 823 3000 illud
843 2935 970 2998 alituum
992 2943 1193 3016 cognoscatur.
1225 2936 1280 3010 „ld
1299 2945 1421 2998 autem“
1442 2938 1539 3019 inquit

370 3037 491 3102 Wesius
506 3039 619 3120 Prolep.
635 3060 665 3123 p.
678 3039 730 3114 70,
746 3057 828 3112 „non
844 3037 948 3100 callere
964 3037 994 3099 in
1010 3047 1146 3099 nostrum
1162 3037 1260 3102 lorum
1277 3039 1467 3102 manifestum
1482 3047 1537 3114 est,

373 3159 465 3220 quern
487 3160 569 3205 saera
584 3159 644 3203 nott
660 3161 696 3205 ex
713 3140 939 3224 superstitione,
961 3139 1013 3201 sed
1028 3140 1200 3223 superstitio
1216 3141 1313 3221 pethe
1328 3161 1364 3203 ex
1379 3142 1470 3204 saeris
1484 3161 1539 3205 oo-

370 3251 559 3323 pnostatur.“
584 3243 694 3305 lindettt
711 3243 801 3305 tttodo
815 3242 904 3305 etiam
918 3241 1059 3304 liritzius:
1076 3261 1130 3303 nee
1145 3241 1227 3303 laeile
1244 3241 1398 3324 quisquam
1412 3242 1495 3306 aliter
1505 3262 1538 3306 so

282 3391 284 3396 -
371 3361 435 3406 rem
450 3343 558 3407 hahere
573 3345 687 3408 dixerit.
718 3347 755 3408 Et
776 3353 875 3407 tannen
891 3344 928 3406 de
944 3341 1116 3406 mutationis
1131 3343 1303 3405 trenessitate
1318 3343 1451 3408 dubitare
1468 3344 1538 3408 liee-

373 3444 425 3508 bit.
469 3447 584 3528 Quippe
604 3448 655 3510 riri
676 3447 852 3519 «tenuissimi,
873 3447 944 3508 dnm
960 3445 1073 3526 singula
1090 3444 1175 3506 rerha
1191 3463 1354 3526 eorumque
1369 3445 1537 3508 collocatio-

372 3564 442 3610 nem
458 3547 621 3624 intuentur,
641 3549 806 3612 uniuersam
821 3546 1032 3612 enuntiationis
1046 3545 1222 3609 sententiam
1239 3547 1338 3608 minus
1352 3556 1537 3627 reputarunt.

372 3645 446 3710 h'atn
461 3667 554 3730 quunt
570 3651 719 3714 Gallorum
734 3651 812 3734 apud
829 3651 985 3714 lirinmnes
1004 3668 1086 3712 sacra
1102 3647 1282 3730 deprehendi
1297 3647 1446 3720 diduntur,
1467 3649 1538 3730 quid

371 3748 429 3814 ltoo
452 3750 530 3812 ahud
554 3750 706 3832 signitiuat,
732 3771 823 3834 quant
850 3751 1032 3836 deprehendi
1054 3751 1205 3815 Gallorum
1225 3767 1307 3812 saera
1333 3749 1370 3812 alt
1396 3749 1432 3812 iis
1458 3747 1538 3815 colit

372 3870 524 3936 quumque
538 3853 658 3918 additur
670 3854 985 3940 superstitionum
1006 3851 1263 3936 persuasione,
1283 3851 1442 3915 ablativum
1460 3851 1540 3916 huno

323 3997 326 4003 -
372 3955 519 4038 munium
534 3977 600 4022 esse
614 3974 712 4040 usque
733 3958 770 4021 ad
792 3957 913 4021 rerltnur
937 3957 1118 4041 prorintum,
1138 3955 1415 4040 deprehendas,
1435 3954 1538 4019 sadud

372 4105 575 4124 m

443 4211 470 4273 il
487 4212 560 4266 utstt
578 4229 658 4283 ttupet·
673 4216 705 4268 do
717 4217 757 4268 lais
770 4215 859 4269 lortnis
872 4215 904 4269 G.
918 4215 1047 4269 ttrteutete
1061 4217 1085 4268 in
1099 4213 1200 4281 litette,
1216 4231 1265 4282 pun
1278 4212 1320 4266 tte.
1332 4211 1482 4264 'l'hiersrltio
1494 4211 1540 4264 ho·

370 4313 456 4350 norem
469 4298 535 4352 dart.
553 4307 612 4352 ante
625 4299 646 4352 L
658 4317 740 4354 annor
752 4309 884 4370 acceptum
897 4303 1024 4372 gymnasii
1038 4301 1142 4368 uehep.
1156 4301 1255 4353 nomino
1267 4299 1412 4368 gratulatur
1424 4306 1477 4350 osta
1494 4299 1539 4351 sud

369 4383 401 4435 da
419 4383 474 4436 eins
485 4384 657 4454 disputatione
670 4388 782 4441 indit-ars
796 4405 844 4440 aon
857 4405 973 4456 possunt,
990 4403 1063 4456 quum
1077 4387 1158 4456 ipsunt
1171 4385 1284 4440 libellum
1296 4403 1345 4438 aon
1359 4385 1479 4450 uiderint,
1494 4386 1540 4438 sed

372 4464 471 4522 tratum
483 4484 516 4522 aa
528 4469 621 4524 huual,
634 4473 697 4525 utut.
710 4482 737 4526 et
751 4473 825 4526 l'ned.
840 4489 862 4524 tt.
882 4474 946 4526 teus
961 4490 984 4540 p.
998 4473 1048 4526 tud
1059 4480 1085 4526 ot
1099 4473 1166 4525 teuu
1179 4487 1203 4540 p.
1217 4473 1266 4526 iud
1277 4473 1309 4524 do
1320 4488 1352 4527 eo
1362 4471 1511 4540 recoperint.
1543 4465 1546 4471 ’
