3166 4962
748 463 902 565 -em-

247 675 315 720 nem
331 655 368 719 de
382 654 468 737 [ιρι.
484 653 534 726 111,
551 653 581 728 3,
597 653 632 718 ii:
654 653 843 737 „equitem
866 672 1020 736 cumque
1042 654 1104 737 qui
1125 664 1231 738 reqat
1245 657 1417 738 taneto&

246 761 275 824 in
290 779 350 842 quo
365 777 402 823 ne
416 769 518 841 aptum
534 759 654 840 quidem
670 777 825 839 cumque
842 776 895 842 pro
910 757 1223 841 quotieecunque,
1239 763 1406 843 quando·

245 882 398 944 cumque
418 881 484 924 esse
499 871 635 943 apparet,
655 861 899 924 crecentioribue
914 861 1076 924 editoribus
1091 879 1180 926 nemo
1196 874 1314 947 praeter
1328 865 1408 928 Goe-
1475 861 1477 866 ’
1499 915 1511 932 .
1546 893 1547 900 1

245 967 377 1029 renatum
393 964 468 1028 tuori
483 983 573 1028 aucun
588 973 642 1038 oet,
658 964 707 1045 qui
723 965 853 1046 quidem,
870 982 927 1046 qua
942 973 989 1027 eet
1000 964 1122 1034 inscitia.
1137 967 1408 1047 equitemcum·

246 1089 314 1152 que
329 1069 468 1150 coniungi
483 1089 571 1152 prosse
585 1077 723 1132 autumat
736 1077 770 1130 ut
785 1069 823 1130 sit
837 1067 856 1129 1.
872 1086 900 1148 q.
916 1067 1083 1148 equitatum
1100 1086 1260 1151 quemque,
1275 1072 1409 1152 adeoque

246 1173 333 1236 etiam
349 1173 622 1255 omniecunque
637 1172 779 1246 „exculta
794 1171 917 1252 linqua“
933 1171 990 1235 dici
1006 1180 1114 1235 narrat.
1145 1173 1277 1248 Constat,
1293 1174 1410 1257 opinor,

246 1275 323 1339 inter
341 1277 500 1360 prudentes
521 1275 709 1339 scribendum
731 1275 808 1358 apud
825 1275 996 1338 Ciceronem
1021 1275 1329 1358 „equitatumque
1349 1277 1409 1360 qui

232 1387 377 1462 'regot.··
409 1381 449 1444 De
465 1381 553 1444 tertio
568 1379 714 1464 exemplo,
730 1379 802 1443 Cod.
817 1379 931 1442 Theod.
947 1377 1010 1454 xtt,
1027 1379 1057 1453 6,
1073 1379 1130 1442 ³³2:
1155 1383 1318 1455 „durum
1333 1381 1410 1445 aire

247 1491 438 1565 argutatum
460 1502 643 1568 quumque
665 1503 919 1568 apossoroore
934 1485 1147 1558 confertur,
1168 1485 1339 1551 arcarius
1355 1485 1410 1547 acl

246 1598 443 1672 aueceptor
465 1589 653 1673 καὶμὴν*
676 1589 788 1654 dudum
806 1589 936 1654 itittorua
952 1589 1077 1662 monuit,
1093 1591 1124 1654 in
1139 1591 1209 1654 Cod.
1226 1591 1339 1664 lustin,
1361 1589 1411 1654 ubi

248 1691 326 1756 idem
343 1693 519 1775 rescriptum
535 1703 624 1764 extat,
645 1693 700 1775 tqt
716 1695 1037 1776 quandocumque,
1057 1695 1146 1776 idque
1161 1695 1250 1758 etiam
1267 1696 1297 1757 in
1312 1693 1411 1757 Theo·
1492 1713 1494 1716 ·

248 1796 370 1860 doaiono
385 1797 485 1860 codice
500 1797 663 1879 repositum
680 1797 776 1860 octab
792 1797 922 1880 dlugone.
953 1799 1034 1872 Quae
1050 1817 1138 1880 porro
1154 1798 1184 1861 iu
1199 1798 1310 1872 lexicis,
1333 1798 1413 1861 reiut

247 1919 264 1963 a
280 1899 440 1970 Freundio,
455 1919 490 1962 ex
503 1899 639 1964 Lucretio
654 1902 826 1974 aduruntur,
841 1911 893 1964 aut
908 1901 1064 1964 manifesto
1079 1911 1218 1984 corrupta
1233 1910 1283 1965 aut
1297 1899 1413 1982 generia

248 2002 354 2068 diversi
368 2011 448 2065 aunt.
479 2003 512 2064 tn
529 2021 599 2076 uno,
616 2001 648 2074 V,
665 2003 743 2066 312:
1435 1995 1437 2000 ’

292 2105 454 2186 lienique
468 2123 539 2168 nou
554 2105 781 2168 monimenta
797 2105 916 2170 virum
933 2102 1075 2188 dilapsa
1090 2101 1283 2168 videmost

293 2227 472 2292 quaerere
488 2226 670 2292 proporro
686 2208 755 2270 eibi
771 2227 954 2290 quomque
968 2228 1168 2272 conoscere
1184 2208 1325 2272 credar.

249 2311 366 2376 etiamsi
389 2330 577 2393 quomque
592 2329 660 2374 cum
677 2311 866 2374 Wakefieldio
882 2331 936 2393 pro
951 2312 1165 2393 aliquando,
1186 2320 1237 2374 eut
1251 2329 1319 2373 cunt
1336 2309 1413 2372 For·

249 2414 351 2496 digero
370 2433 424 2499 pro
447 2431 600 2495 quocum
611 2430 679 2494 que
700 2413 804 2476 modo
819 2413 875 2476 dici
891 2413 1023 2496 potuisse
1039 2430 1154 2484 cumae,
1182 2429 1251 2474 rana
1267 2410 1412 2475 contentia

250 2517 307 2581 dici
321 2533 381 2579 non
396 2525 507 2598 potest:
523 2535 558 2578 ex
573 2513 839 2588 emendationibus,
855 2533 929 2596 quaa
943 2513 991 2576 atii
1002 2514 1072 2576 aliae
1083 2521 1313 2597 proposuerunt,
1328 2511 1415 2594 equi·

250 2619 318 2684 dem
334 2619 445 2682 nuttam
461 2617 687 2700 probabiliorem
703 2635 810 2681 cenaro
825 2635 914 2700 quam
930 2615 1127 2680 Lachmaoni:

293 2721 459 2803 Denique
474 2738 545 2784 non
561 2721 784 2784 monimenta
799 2719 917 2784 tirum
934 2721 1078 2803 dilapsa
1093 2716 1274 2793 videmus,

294 2816 1309 2908 quaeroreproporrovetitumqueaeneecerecredar?

250 2927 286 2992 ln
300 2929 392 2990 altero
408 2927 483 3002 ioco,
500 2927 535 3000 tt,
552 2925 630 2989 tut:

294 3028 1072 3095 Namvelutitotauaturadieeimilieeunt

294 3133 393 3196 inter
414 3153 453 3196 oe
475 3133 620 3214 genitae
641 3149 700 3195 ree
715 3149 894 3214 quaeque,
919 3131 970 3194 ita
985 3146 1139 3211 cumque
1154 3129 1375 3190 ueceaaeeat

294 3235 472 3298 diasimiti
487 3243 658 3298 constare
672 3233 794 3314 iiqura
810 3231 1087 3316 principiorum.

253 3334 365 3400 dudum
381 3336 417 3399 air
432 3337 571 3400 omnibus
591 3345 709 3418 recepta
723 3343 770 3400 est
784 3335 951 3398 emendatio
967 3333 1042 3408 „ita
1062 3347 1239 3414 quamque
1260 3346 1418 3393 nocente

252 3446 348 3504 eat“.
379 3438 532 3521 Similique
547 3438 752 3501 emendatione
766 3437 854 3500 etiam
872 3437 959 3509 11,“11
973 3453 981 3498 t

297 3542 627 3624 Erqocorpoream
643 3541 685 3604 ad
701 3549 865 3604 naturam
881 3537 1181 3621 paucavidemur

297 3637 1281 3728 eoaeopueomninoquaedemanteumquedolorem.
1354 3651 1356 3660 ’

253 3739 1417 3832 Lambinuaaliiqueccripaeruut„quaedemantquemquedolorem:

256 3989 380 4042 qnoque
391 3973 494 4028 dieitur.
518 3972 575 4028 Non
588 3973 672 4042 inepta
684 3980 756 4027 certe
767 3975 829 4027 iaec
841 3973 988 4026 coniectura
1000 3979 1054 4036 eat,
1069 3967 1131 4023 lieet
1143 3966 1182 4022 1111
1193 3965 1270 4020 atteri
1283 3981 1332 4017 noa
1344 3979 1419 4031 qrae-

255 4057 366 4114 dcmda.
390 4059 453 4114 Natu
470 4061 535 4127 quod
553 4059 710 4127 Madviqioe,
726 4059 757 4112 ad
770 4059 822 4112 cie
834 4059 865 4111 da
878 4059 919 4110 da.
932 4074 956 4127 p.
968 4057 1027 4123 688,
1050 4055 1200 4108 Latinorum
1212 4069 1242 4106 oa
1253 4049 1419 4104 abhorretur

256 4144 295 4198 ait
305 4161 321 4197 a
332 4143 472 4213 particulae
484 4161 542 4214 quc
554 4162 609 4199 enar
621 4145 764 4198 huiuamodi
776 4143 874 4196 vocalia
890 4143 915 4196 ira
927 4139 1082 4210 gutturaleaa
1094 4139 1260 4202 eneratitae,
1277 4137 1339 4200 aie,
1356 4134 1419 4200 hie,

257 4245 350 4294 auae,
366 4231 562 4297 conponitiooe,
582 4247 631 4283 aua
648 4231 737 4299 atique
753 4245 841 4282 veron
853 4236 901 4282 eat
923 4227 997 4294 Apud
1010 4225 1127 4278 Tacitum
1139 4241 1162 4277 e.
1175 4239 1198 4277 e.
1209 4231 1345 4289 tuncque
1357 4217 1421 4286 legi·

257 4329 313 4366 ιιι
333 4315 454 4382 Αιι.1’1,
477 4317 500 4370 1.
521 4315 591 4384 xiv,
614 4317 655 4369 tt.
672 4313 918 4384 1ιιιιιιΧ1Ι,38,
937 4309 1078 4378 aimidiaqaa
1097 4309 1169 4363 attat.
1199 4307 1233 4362 Et
1252 4308 1335 4376 ipram
1356 4303 1420 4366 iliad

258 4415 400 4472 artaeque
410 4404 475 4470 apud
485 4403 600 4458 Plautum
611 4399 813 4471 leginuassi'roe
822 4399 852 4467 11,
864 4400 889 4464 d,
901 4395 990 4453 ttatt
1002 4397 1047 4452 ita
1059 4411 1130 4451 aare
1141 4391 1421 4465 dupertaaeooae·

258 4501 319 4556 ιιι
331 4483 591 4556 1ιιιι1ιιε,ιιι
603 4483 817 4543 tae-aterna.
