3166 4962
628 435 779 537 ..²..⁸.⁵...

211 631 468 708 Quemadmodum
494 637 594 694 autem
616 627 647 692 in
667 626 808 708 absolue
824 625 936 689 laetum
954 635 1013 698 est,
1039 632 1074 688 ut
1087 621 1292 688 conditionalis

122 736 281 819 particulae
294 735 466 817 significatio
481 731 631 818 paullatim
647 739 835 796 evanesceret
849 748 945 810 neque
960 729 1089 813 amplius
1104 749 1120 791 a
1136 727 1289 812 scriptori-

124 837 179 902 bus
192 847 411 920 agnosceretur,
426 837 470 901 sic
485 839 514 899 in
529 835 592 900 aliia
607 834 784 916 quibusdam
801 833 975 914 conopes-itio
990 833 1077 894 etiam
1094 831 1290 913 copulatio-am

123 941 255 1005 eiusdem
276 941 436 1027 particulae
457 939 716 1022 significationem,
742 935 768 999 oi
789 955 850 998 uon
870 953 1003 1017 semper,
1023 946 1054 998 at
1073 953 1288 1016 nonnunquam

124 1055 224 1110 tamen
244 1046 431 1109 obscuratam
452 1043 596 1106 ridemus.
627 1041 741 1104 llorum
758 1059 850 1104 unum
867 1049 913 1103 est
929 1039 1092 1114 uenture·
1107 1039 1289 1112 adverbium,

123 1151 208 1216 cuius
229 1149 323 1235 prima
345 1167 412 1233 pars
435 1147 561 1212 dubitari
583 1165 643 1210 non
664 1154 763 1228 potest
784 1145 855 1225 quin
871 1143 1013 1226 originem
1032 1141 1137 1207 lrabeat
1151 1163 1187 1206 er
1203 1161 1290 1226 prac-

124 1253 274 1336 positione
294 1253 356 1316 de:
384 1271 452 1315 nam
473 1261 506 1314 ut
527 1269 668 1333 gironus
690 1267 819 1333 capro,
846 1249 1072 1310 internueex
1088 1247 1203 1320 inter,
1228 1265 1291 1309 au·

125 1374 263 1438 pornus
288 1375 305 1418 e
331 1373 453 1438 super,
480 1355 585 1418 eodem
607 1353 695 1416 modo
719 1371 754 1414 ex
773 1352 815 1414 de
839 1351 899 1414 lteri
914 1351 1027 1413 denus
1043 1350 1154 1433 potuit,
1170 1351 1291 1430 eiusque

125 1457 222 1522 lorma
244 1459 364 1521 locauea
385 1457 525 1536 deniil3
544 1467 632 1538 atque
654 1465 687 1518 ut
709 1454 749 1516 de
770 1453 890 1537 proprie
910 1453 946 1515 de
969 1463 1053 1515 motu
1074 1451 1222 1514 inlocum
1244 1451 1291 1512 in·

125 1560 265 1624 leniorem
286 1561 403 1634 dieitur,
427 1559 470 1622 sic
484 1559 641 1622 locativum
658 1557 727 1620 illud
744 1556 828 1617 deni
843 1556 941 1619 locum
958 1555 1127 1617 interiorem
1144 1557 1187 1616 rel
1202 1554 1290 1616 etiam

125 1666 272 1740 intimum,
289 1665 413 1747 ideoque
429 1673 614 1746 postremum
630 1661 792 1742 signiticore
807 1659 912 1741 potnit,
929 1676 1004 1740 quoe
1019 1657 1191 1739 signilieotio
1202 1658 1290 1718 otiam

126 1769 156 1832 in
182 1770 325 1834 riemum
351 1768 489 1832 adverbio
512 1764 681 1850 agnoscitur
701 1765 772 1827 item
795 1783 832 1826 ex
852 1763 954 1826 eadem
977 1761 1194 1843 praepositione
1210 1771 1290 1824 orto:

126 1873 279 1938 locativam
301 1879 399 1936 aulem
420 1871 662 1954 aigniliratienem
684 1869 715 1931 in
736 1867 929 1948 temporalem
945 1864 1052 1928 abiisse
1068 1885 1156 1929 uento
1173 1864 1290 1928 mirabi-

126 1987 184 2040 tur.
220 1977 384 2056 nonique
410 1976 498 2056 igitur
523 1973 661 2056 primitus
687 1971 765 2032 houd
792 1969 882 2031 dubie
908 1969 979 2032 nint
1007 1968 1085 2031 aliud
1112 1967 1292 2048 signiticaloat

127 2097 215 2160 quarn
242 2087 511 2163 postremoque
538 2076 568 2138 lt.
589 2095 615 2138 e.
642 2081 677 2136 et
702 2082 909 2157 postremo,
936 2090 991 2134 nec
1015 2091 1085 2134 sano
1112 2073 1204 2135 multa
1223 2081 1293 2134 aunt

126 2182 276 2265 exempla,
298 2180 328 2243 in
351 2181 459 2262 quibua
474 2177 666 2261 copulativam
683 2175 832 2238 enclitieae
847 2175 905 2236 eim
921 2191 982 2236 non
998 2175 1212 2256 agnoscendam
1228 2193 1292 2236 esse

126 2285 244 2348 dixeris.
274 2283 342 2346 Non
358 2283 465 2345 desunt
479 2291 578 2344 tamen
594 2279 658 2352 alia,
674 2297 750 2361 quae
765 2277 943 2340 nuncetiam
960 2277 1110 2341 delituisse
1126 2278 1291 2352 ostendant,

126 2389 204 2452 volut
220 2387 271 2450 uni
286 2385 446 2467 denique
461 2403 529 2449 cum
545 2382 727 2446 disiunctitis
743 2381 1002 2445 coniunctionibus
1016 2391 1079 2445 aut
1094 2393 1123 2444 et
1139 2382 1194 2444 vel
1209 2401 1292 2446 eom·

126 2491 263 2578 ponitur:
286 2508 355 2553 nam
380 2489 600 2572 copulationem
622 2497 651 2550 et
665 2485 897 2550 disiunctionem
913 2485 992 2550 inter
1005 2507 1038 2550 se
1053 2505 1183 2569 pugnare
1198 2485 1294 2550 maui-

127 2597 236 2660 leatum
258 2597 353 2672 ertit).
382 2593 484 2676 ltaque
505 2593 535 2656 in
554 2591 726 2657 huiusmodi
740 2592 892 2675 exemplis,
914 2593 1000 2675 quale
1015 2603 1060 2656 est
1074 2593 1132 2656 lroc
1145 2593 1293 2658 Ciceronis

127 2719 173 2786 pr.
194 2699 282 2763 dreh.
297 2718 324 2761 c.
341 2699 370 2772 6,
390 2698 445 2760 tt:
471 2697 539 2772 „ab
562 2697 702 2760 nullius
724 2714 886 2778 unquam
909 2715 964 2760 ruo
988 2707 1154 2780 temporo
1173 2731 1214 2744 -
1235 2705 1295 2760 aut

128 2803 246 2866 otium
268 2819 388 2864 meum
408 2799 608 2874 abstraxit,
630 2809 691 2862 aut
712 2801 883 2881 voluptas
903 2800 1087 2874 avocarit,
1113 2799 1294 2863 auldcni·

126 2901 1295 2986 quesomnunretardavit“,lroedcniqueproetpostremoaccipi
1378 2973 1385 2980 ⁸

126 3025 186 3070 non
207 3026 294 3090 posse
314 3013 445 3096 apparet.
475 3004 578 3084 Neque
594 3002 687 3084 magis
702 3002 731 3066 id
748 3004 810 3066 lieri
825 3013 934 3089 potest,
954 3004 1005 3068 ubi
1019 3015 1132 3087 atque
1145 3016 1177 3068 et
1189 3005 1296 3068 deni·

127 3130 194 3192 que
214 3119 444 3194 componuntur,
470 3109 549 3172 velut
569 3107 646 3193 apud
667 3105 820 3180 Plautum,
841 3107 929 3171 llere.
951 3107 992 3182 ll,
1016 3110 1048 3184 l,
1072 3107 1125 3172 18:
1149 3113 1296 3190 „Atque

126 3213 197 3280 hoc
216 3213 373 3296 denique
393 3212 627 3298 respondet.“
657 3209 750 3293 igitur
769 3209 801 3274 in
820 3211 926 3275 talibus
941 3221 993 3276 aut
1005 3231 1129 3295 prorsus
1143 3215 1295 3278 evanuisse

130 3343 333 3382 ..ss-.—

198 3435 225 3500 'll
243 3433 282 3488 Cl.
294 3435 416 3500 Coronen,
428 3433 497 3489 lirlt.
510 3435 588 3488 licite.
600 3451 625 3502 p.
638 3436 680 3489 85.

195 3521 220 3584 8)
240 3523 311 3590 Apud
326 3521 449 3583 Paralum,
461 3529 510 3574 aar.
523 3519 564 3586 ΙΙΙ,
577 3523 623 3586 2ll,
636 3537 715 3590 noque
727 3521 752 3573 in
766 3523 932 3589 plurimorum
944 3525 1059 3578 codicum
1073 3525 1195 3580 lectione:
1207 3542 1297 3592 „ncn-

127 3623 272 3662 norernve
291 3616 374 3662 tuum
392 3607 442 3662 val
462 3609 542 3676 quod
560 3607 871 3661 tentamentum
884 3609 1019 3676 repetitam
1030 3612 1233 3665 coniunctionem
1244 3613 1297 3665 dia·
1396 3669 1409 3676 ,

132 3695 284 3760 iunctiunnr,
301 3710 380 3764 neque
392 3695 418 3747 in
430 3693 521 3761 altura,
533 3709 606 3762 quarn
619 3693 734 3746 nonnulli
746 3692 805 3746 tttet
818 3695 923 3746 utone:
944 3711 1194 3764 „conantemque
1214 3705 1297 3751 inunt

126 3777 176 3832 val
198 3780 277 3849 gund
298 3779 448 3834 trabeato
469 3779 617 3834 nnlutnn“
633 3781 799 3849 conponitan
816 3795 872 3833 cun
885 3781 1030 3847 copulativa
1042 3781 1221 3836 disiunctinnrn
1234 3781 1298 3836 lerri

129 3880 205 3933 ponae
226 3867 365 3920 veriasime
384 3866 545 3920 lleinrlehinr
567 3865 696 3919 iudicavit.
726 3865 809 3920 iliona
830 3867 985 3936 probandum
1002 3875 1076 3936 pntn,
1096 3869 1163 3937 qnod
1180 3869 1246 3922 idem
1258 3869 1299 3924 in·

126 3953 233 4020 genleio
244 3969 307 4008 nana
318 3961 363 4007 aut
375 3953 466 4007 nnllam
478 3955 552 4007 docto
564 3953 673 4006 maierit
685 3953 844 4006 admotum
857 3969 927 4006 ennea
943 3969 1130 4018 „cantorem
1148 3953 1298 4024 latum,

125 4055 174 4108 qno
192 4039 323 4093 Claudiurn
344 4041 525 4109 imperatorem
544 4039 684 4106 significari
704 4037 770 4093 vult.
794 4039 917 4109 Equidem
938 4039 1029 4094 eitiunt
1049 4056 1082 4094 aa
1104 4039 1194 4105 laeana
1212 4051 1298 4097 nmen

130 4125 290 4178 crediderint.
314 4125 441 4195 Scriptum
453 4124 514 4180 luite
539 4123 772 4191 „Connnrnnevc
788 4133 873 4179 tnunr
889 4127 968 4195 gund
980 4127 1126 4182 trabeata
1137 4129 1299 4210 nnlntan‘2

130 4211 224 4264 enisio
245 4220 304 4266 autc
324 4211 471 4266 trabeata
491 4210 618 4264 vocabula
638 4227 741 4282 agnen.
767 4211 936 4266 Corramom
948 4221 1045 4279 anun,
1065 4222 1095 4267 nt
1106 4215 1299 4268 venatuum

129 4297 302 4364 mederentur,
315 4297 425 4366 ineptum
437 4295 500 4350 tttut
512 4295 563 4350 vol
574 4305 634 4352 anta
645 4299 724 4368 good
736 4299 911 4364 internorum
928 4297 988 4368 alil,
1004 4302 1035 4354 ad
1048 4299 1187 4356 totta-tan
1199 4299 1300 4356 scilicet

127 4383 307 4452 repetitionem
328 4383 515 4454 disiunctlrnc,
531 4399 579 4454 pen
595 4395 955 4458 cannnrnneeponnerunt
966 4403 1203 4461 censoremque,
1220 4391 1299 4446 nihils

128 4469 210 4540 nagia
222 4469 364 4528 lornnduttt.
