3166 4962
647 467 797 570 ma·

140 657 229 723 tioula
240 659 384 724 utendum
399 667 470 734 orat,
482 677 607 742 quamm
619 659 709 723 ollem
721 661 804 724 alteri
816 659 1017 744 responderet,
1032 677 1158 742 eamque
1169 665 1303 720 mutuam

141 764 377 847 responsionem,
392 763 629 840 (correlationem
646 763 733 826 bodie
745 763 893 842 dicimus.)
908 769 1089 846 quantopere
1101 763 1190 826 etiam
1203 769 1305 842 ponte·

142 865 203 928 rior
217 877 297 930 actae
312 865 540 948 frequentaverit
554 884 644 929 nemo
660 866 783 946 ignoret.
814 865 916 946 Neque
932 876 1030 927 tamen
1048 864 1223 928 mirabimur
1235 879 1303 925 eam

140 985 202 1031 non
223 988 342 1051 nemper
358 970 503 1051 usurpari,
525 969 577 1032 euti
594 971 768 1052 plerumque
790 977 841 1030 aut
862 969 959 1031 nolum
981 979 1019 1029 et
1042 967 1111 1048 proni
1134 979 1184 1029 aut
1206 965 1303 1028 solum

142 1089 228 1152 quo,
244 1071 324 1152 quod
340 1071 390 1135 ubi
406 1073 454 1144 lit,
475 1071 627 1135 obliterata
642 1089 713 1134 mne
733 1071 858 1152 germina
873 1069 1084 1150 signiticationo
1098 1067 1304 1150 oompnratita,

143 1191 217 1252 quae
233 1183 369 1237 neutram
384 1173 557 1258 particulam
572 1174 683 1256 absque
707 1173 797 1236 altera
817 1173 949 1236 adbiberi
967 1173 1094 1246 elueret,
1114 1191 1227 1234 meram
1247 1169 1306 1232 nior

144 1324 344 1340 *-

143 1395 247 1457 doreot.
269 1396 348 1449 veluti
369 1413 442 1464 quum
459 1397 484 1449 iu
501 1397 586 1468 bq’mn.
604 1395 675 1449 noo.
693 1397 718 1449 in
731 1395 795 1450 Von.
809 1413 834 1449 a.
850 1396 896 1448 lid
909 1393 995 1448 Veron
1009 1393 1144 1464 Pbrygia-
1158 1408 1186 1446 ne
1197 1392 1306 1459 puellam

144 1497 201 1534 enne
212 1482 335 1535 rimulam
345 1485 469 1536 Ambinon
481 1485 557 1536 dicite
570 1483 704 1553 yleionoe
715 1477 880 1552 d¹buantpqe
892 1499 920 1535 rt
933 1484 977 1534 nol
993 1478 1128 1552 ἡμετέρῃ·
1139 1477 1220 1548 εᾰιμι
1233 1475 1308 1546 olda,

143 1569 168 1620 id
188 1568 228 1620 nie
240 1570 336 1621 donnum
351 1587 398 1622 eon
411 1561 494 1635 inepte
506 1570 600 1621 dietum
612 1577 731 1635 apparet,
749 1571 770 1622 ni
783 1570 908 1636 niqeibcet
921 1567 1006 1620 l'oeue
1018 1583 1046 1620 ae
1059 1567 1186 1619 neritinae
1198 1563 1308 1630 linquant

144 1655 196 1706 nie
214 1663 248 1707 nt
267 1655 303 1719 (b.
315 1671 338 1708 c.
352 1672 400 1707 noa
413 1656 494 1708 mioun
506 1658 590 1723 quaen)
611 1671 680 1708 nnnm
700 1655 805 1722 patriam
817 1656 920 1716 cellere,
934 1669 979 1706 nee
991 1653 1040 1705 diei
1053 1653 1136 1719 potuit
1148 1651 1251 1704 interne
1264 1667 1308 1702 nr·

147 1739 204 1793 dine
223 1742 356 1812 yleioeon
372 1738 507 1812 iperetpqr
525 1759 553 1795 ra
567 1743 610 1794 eol
625 1738 767 1812 ὑμενίνην.
791 1741 834 1794 Sic
847 1740 925 1794 letine
938 1757 985 1793 noe
999 1740 1096 1806 implet
1117 1745 1150 1792 et
1166 1745 1307 1790 nentnaan

145 1825 284 1896 linquant
303 1835 517 1897 uentumque,
534 1828 619 1895 inepte
635 1839 730 1882 nutem:
752 1838 954 1896 neutramque
975 1835 1006 1882 et
1028 1833 1175 1878 nontrann.
1200 1823 1305 1876 iitnnae

145 1913 190 1966 uin
203 1929 277 1966 unum
290 1923 335 1968 aut
347 1915 455 1968 altorum
468 1912 609 1980 exemplum
623 1915 803 1982 particularum
817 1917 849 1970 ed
858 1942 890 1956 -
903 1919 951 1966 aot
963 1912 1072 1981 prolerrl
1085 1913 1187 1978 poterit,
1203 1911 1227 1962 tn
1240 1907 1306 1976 qued

147 2016 195 2052 nee
216 2001 261 2052 llln
284 2002 418 2053 eonnernlo
439 2014 484 2067 per
496 2000 545 2054 ele
557 2025 589 2040 -·
602 2007 634 2052 ut
647 2000 791 2066 plnelnnlnre
803 1999 919 2067 quadret,
930 1999 954 2052 b.
967 2013 989 2052 e.
1003 1999 1028 2050 ln
1040 2013 1089 2064 qao
1103 2011 1151 2048 nea
1166 1995 1196 2048 nd
1204 1995 1307 2046 denton-

35 2087 37 2092 ’
143 2083 292 2149 ntrntivnnt,
313 2089 361 2136 net
382 2083 513 2138 rolatlvam
536 2084 745 2148 nlqeilloatleuem
766 2085 859 2137 babere
881 2083 1007 2136 intendore
1028 2081 1071 2134 nit.
1096 2079 1127 2134 Bt
1144 2083 1193 2132 eet
1207 2079 1307 2146 qulden

145 2171 221 2222 etiam
243 2171 412 2238 etymologica
433 2187 489 2224 eum
510 2185 568 2238 quo
590 2170 673 2235 potlun
694 2185 839 2236 quomrum
857 2178 887 2222 ct
900 2169 1092 2236 comparandum
1105 2181 1162 2218 enno
1175 2181 1247 2216 nonae
1259 2181 1308 2215 noa

144 2255 283 2322 intelliget,
303 2258 334 2309 de
357 2260 388 2308 nt
406 2267 488 2310 nutom
512 2257 603 2308 nollem
626 2257 756 2322 domium,
778 2257 820 2323 qui
841 2257 901 2308 olim
918 2257 1039 2322 (liinbuaa
1054 2253 1102 2306 der
1119 2252 1194 2304 l’ree.
1211 2249 1310 2303 aridio

146 2341 328 2408 Wortbildunq
349 2358 372 2408 p.
386 2345 422 2402 6.)
445 2351 515 2393 recto
537 2343 561 2394 td
582 2359 637 2393 oum
659 2343 858 2394 demonntrntivo
880 2339 911 2393 τό
933 2348 1123 2408 comperuerat,
1145 2347 1232 2406 penten
1250 2355 1309 2391 noa·

144 2430 249 2479 tentiam
271 2435 390 2479 mutanne.
415 2427 539 2480 Nimirum
561 2444 609 2479 non
631 2443 732 2494 tempor
753 2445 783 2479 oe
803 2429 1008 2481 doctissimorum
1024 2428 1123 2494 quidem
1142 2423 1311 2477 bominumoi

145 2510 275 2584 δεύτεραί
296 2529 355 2570 πως
376 2513 528 2581 φροντίδες
547 2509 718 2584 coquinapoe.
741 2513 859 2568 Ceterum
877 2519 951 2568 etiann
968 2515 999 2566 de
1012 2513 1159 2580 prono-toa
1173 2517 1213 2568 εἰς
1224 2511 1309 2564 obiter

145 2599 238 2650 addere
253 2599 323 2660 ttbet,
337 2599 526 2666 bendqnaquam
538 2601 603 2653 nntin
616 2609 710 2653 certam
722 2608 749 2653 ot
761 2601 950 2654 indubitabilem
963 2599 1045 2652 videri
1057 2615 1144 2651 oerum
1157 2597 1309 2665 opinionon,

145 2685 225 2750 quiid
238 2699 270 2735 ex
283 2684 413 2750 primitivo
425 2687 532 2753 quonlam
545 2690 595 2748 etc,
611 2687 676 2753 qued
690 2687 899 2753 interrogativum
913 2693 940 2739 ot
952 2686 1106 2738 indebeitann
1118 2685 1199 2737 iuinne
1211 2691 1309 2750 patant,

146 2785 193 2834 por
204 2770 326 2835 quendam
338 2768 526 2840 dentelinmum,
544 2788 615 2840 quem
630 2770 763 2839 pbonoloqi
775 2781 883 2838 vocant,
898 2773 1018 2824 ortillano
1030 2779 1170 2832 autumant,
1182 2777 1212 2822 nt
1222 2785 1255 2821 ox
1267 2771 1311 2828 nto

145 2855 251 2921 primunt
272 2856 386 2923 tneltin,
407 2857 465 2910 bine
486 2866 570 2910 nutent
592 2857 672 2910 eiecto
693 2859 769 2911 nibilo
787 2857 941 2918 ntrinotunn
954 2858 997 2912 nit.
1022 2856 1079 2910 Nun
1092 2857 1182 2923 iqeore
1194 2855 1310 2924 equidem

147 2956 219 3008 quam
237 2941 289 2993 late
307 2940 472 2997 deotaiiemun
487 2945 536 2996 lete
554 2944 579 2996 ln
593 2943 679 2995 multin
692 2944 785 3008 linquin
796 2951 856 2996 nete
869 2946 972 2997 uocalen
984 2960 999 2994 e
1010 2949 1037 2994 et
1048 2946 1060 2995 i
1070 2943 1222 3005 invaluerib·
1237 2943 1310 2994 enine

146 3028 194 3092 rei,
206 3035 359 3095 praeterea,
371 3045 435 3097 quae
447 3031 525 3096 vulpe
536 3030 623 3082 afferri
636 3027 719 3081 nolent
731 3031 844 3099 exempla
859 3047 907 3083 noe
921 3046 999 3098 pauca
1011 3030 1088 3083 etiam
1101 3045 1135 3081 en
1148 3029 1312 3096 germanicin,

144 3113 216 3166 velut
237 3111 325 3165 irinirn
342 3122 369 3166 ot
385 3116 507 3178 enothion,
527 3115 610 3169 eitnre
619 3117 723 3184 poenino,
735 3131 781 3169 noe
793 3132 832 3167 me
845 3113 944 3182 iuqlunt
957 3117 1030 3168 boine
1042 3117 1145 3182 qenerin
1157 3116 1234 3167 etiam
1246 3113 1312 3182 apnd

146 3198 281 3250 bodieruon
292 3197 406 3252 Grneoon
418 3200 541 3269 exempla,
553 3202 624 3254 velut
636 3217 710 3268 quent
721 3218 766 3270 pre
776 3218 816 3266 eo,
828 3193 893 3270 qood
902 3204 1026 3256 neribitur
1035 3199 1135 3268 iatine,
1148 3201 1313 3270 pronuntient

146 3285 307 3348 etnebiooq
324 3285 430 3352 donique
448 3293 477 3338 ut
493 3287 518 3338 in
534 3287 630 3340 oeterin
647 3287 745 3356 pepulin
757 3289 920 3357 paruulorum
933 3305 962 3342 oe
974 3289 1075 3340 balbunn
1088 3296 1253 3355 teneramque
1264 3303 1313 3356 pra

145 3370 271 3436 quttuceli
291 3371 321 3435 lt,
341 3371 413 3423 cuiun
434 3371 564 3425 diffieilior
585 3375 758 3439 pronuntiatio
775 3382 829 3440 ont,
846 3373 987 3428 faciliorem
1003 3375 1129 3428 dentale·
1147 3379 1159 3427 t
1174 3375 1259 3438 effert,
1274 3373 1313 3426 nie

145 3455 210 3508 idem
231 3457 308 3508 etiam
329 3457 392 3524 apud
406 3455 521 3510 Grneeon
542 3457 636 3511 laetum
657 3475 715 3512 enne
736 3477 785 3512 uea
806 3461 880 3513 medo
902 3461 958 3514 neri
975 3461 1057 3514 ninello
1074 3463 1118 3514 ned
1136 3469 1259 3514 tentatum
1271 3467 1314 3513 ent

146 3537 220 3608 (conl.
239 3541 411 3596 llemnterbnn.
434 3544 464 3596 ad
483 3543 586 3596 Lnoino.
604 3545 680 3596 indie.
694 3561 749 3598 veo.
762 3563 783 3598 o.
797 3545 834 3598 x1
846 3563 870 3616 p.
883 3547 934 3599 auu
945 3547 984 3600 od.
998 3548 1076 3614 iliplq
1091 3555 1202 3600 attamen
1215 3547 1241 3599 in
1254 3563 1314 3616 prn-

146 3627 244 3679 uonaiee
265 3630 308 3685 nlo
325 3643 373 3681 eur
390 3629 421 3682 ad
441 3631 506 3683 buno
528 3629 705 3684 dentnllnnnnm
725 3630 898 3700 eenluqiamue
911 3632 1005 3685 nullam
1018 3635 1082 3686 natin
1094 3649 1199 3701 qraooan
1211 3648 1314 3686 rann·

145 3727 203 3766 oeae
215 3712 298 3766 video.
322 3711 398 3768 Corte
411 3717 435 3768 ie
449 3725 562 3770 votorum
575 3715 732 3770 Graecorum
744 3733 861 3771 neruone
872 3719 981 3771 nitorem
993 3719 1050 3772 cion
1061 3717 1202 3788 exemplum
1216 3717 1314 3772 irnetra

145 3813 262 3866 quadran,
283 3815 362 3866 neque
383 3817 490 3870 unquam
511 3819 557 3873 pro
578 3800 695 3872 napoli,
715 3805 815 3868 elliu,
835 3801 979 3866 κίνδυνος,
1001 3807 1052 3858 olen
1071 3813 1117 3858 ant
1137 3803 1315 3874 teobeiaie,

145 3883 303 3948 roobotto,
320 3887 543 3958 taelaindpuen,
558 3889 676 3953 trebie,
693 3898 737 3942 aut
753 3890 896 3957 tepltnle,
911 3889 959 3942 tio
976 3899 1027 3944 ete.
1044 3891 1234 3958 pronontintnna
1252 3907 1313 3944 onnn

145 3968 297 4036 aeeopitnnn.
322 3968 413 4036 Quidni
425 3972 505 4039 lqitur
516 3974 555 4026 nie
567 3975 651 4042 potine
663 3975 787 4028 dieanenr
806 3973 885 4027 luinne
898 3975 922 4026 in
934 3973 1076 4042 linguarum
1089 3977 1236 4044 primordiin
1248 3985 1314 4031 letan·

145 4069 192 4118 pua
213 4055 344 4120 quoddnnn‚
365 4071 416 4124 qno
437 4059 532 4111 nullent
553 4061 634 4111 adbuc
655 4059 728 4126 piane
749 4069 847 4114 eertum
859 4068 1018 4114 eteonntaon
1030 4061 1315 4118 iatordomeantrntiea

144 4145 172 4190 ot
193 4138 322 4191 indefinita
344 4143 492 4208 pronomina
512 4143 647 4198 dincrimen
667 4153 751 4211 ennon,
772 4152 925 4212 poneretque
948 4147 1029 4213 iqitnr
1044 4157 1096 4200 tam
1116 4149 1317 4216 quaendoatall

144 4237 218 4290 qnann
238 4239 303 4290 quae
323 4239 339 4278 a
359 4229 484 4293 gutturali
504 4229 630 4282 elemento
651 4229 805 4296 inciperent,
827 4231 927 4297 periton·
947 4233 1050 4286 ntronin
1068 4235 1159 4300 medo,
1180 4241 1256 4302 pront
1272 4249 1316 4288 ren

145 4306 236 4373 terret.
248 4311 376 4376 nnnrparl
402 4311 497 4379 Quodni
508 4315 565 4380 qnia
577 4323 660 4368 tamon
672 4315 798 4369 rationem
811 4315 859 4368 eibi
872 4317 943 4369 reddi
956 4313 1083 4384 pentulot,
1103 4335 1151 4373 eur
1161 4319 1257 4374 Grneei
1267 4320 1317 4374 bne

147 4396 201 4460 rto,
222 4393 246 4447 nl
266 4395 299 4447 ab
319 4395 392 4449 initle
413 4397 490 4450 etiam
501 4397 727 4454 denenntratlrnnt
740 4399 826 4466 luerit,
843 4409 942 4468 penten,
955 4413 1076 4470 quantana
1088 4405 1190 4472 quiden
1201 4421 1217 4459 n
1228 4421 1319 4459 mnan·

149 4479 244 4624 neppn
263 4483 384 4562 eoqnenel
403 4491 502 4551 petent,
521 4501 650 4556 nunqnam
671 4485 722 4540 nini
741 4487 874 4542 indoieltn
889 4495 935 4542 aot
949 4489 1138 4639 laterrnqatgvn
1151 4506 1228 4546 nenne
1240 4505 1318 4546 annn-

230 4605 239 4624 .
1071 4574 1086 4636 t
