<?xml version="1.0" encoding="UTF-8"?>
<!DOCTYPE html PUBLIC "-//W3C//DTD XHTML 1.0 Transitional//EN"
    "http://www.w3.org/TR/xhtml1/DTD/xhtml1-transitional.dtd">
<html xmlns="http://www.w3.org/1999/xhtml" xml:lang="en" lang="en">
 <head>
  <title>
</title>
<meta http-equiv="Content-Type" content="text/html;charset=utf-8" />
  <meta name='ocr-system' content='tesseract 3.04.00' />
  <meta name='ocr-capabilities' content='ocr_page ocr_carea ocr_par ocr_line ocrx_word'/>
</head>
<body>
  <div class='ocr_page' id='page_1' title='image "./opusculaacademi00schgoog_0286.png"; bbox 0 0 3166 4962; ppageno 0'>
   <div class='ocr_carea' id='block_1_1' title="bbox 727 385 883 487">
    <p class='ocr_par' dir='ltr' id='par_1_1' title="bbox 727 385 883 487">
     <span class='ocr_line' id='line_1_1' title="bbox 727 385 883 487; baseline -0.006 -37"><span class='ocrx_word' id='word_1_1' title='bbox 727 385 883 487; x_wconf 58' lang='lat'><strong>..32⁰-</strong></span> 
     </span>
    </p>
   </div>
   <div class='ocr_carea' id='block_1_2' title="bbox 223 573 1445 3582">
    <p class='ocr_par' dir='ltr' id='par_1_2' title="bbox 223 573 1445 1900">
     <span class='ocr_line' id='line_1_2' title="bbox 224 573 1392 662; baseline -0.002 -17"><span class='ocrx_word' id='word_1_2' title='bbox 224 582 322 662; x_wconf 90' lang='lat' dir='ltr'><strong>ipsum</strong></span> <span class='ocrx_word' id='word_1_3' title='bbox 344 577 579 658; x_wconf 78' lang='lat' dir='ltr'><strong>interrogare</strong></span> <span class='ocrx_word' id='word_1_4' title='bbox 599 573 671 658; x_wconf 82' lang='lat' dir='ltr'><strong>quid</strong></span> <span class='ocrx_word' id='word_1_5' title='bbox 689 575 739 652; x_wconf 89' lang='lat' dir='ltr'><strong>sit,</strong></span> <span class='ocrx_word' id='word_1_6' title='bbox 764 585 795 641; x_wconf 89' lang='lat' dir='ltr'><strong>ct</strong></span> <span class='ocrx_word' id='word_1_7' title='bbox 815 577 886 660; x_wconf 90' lang='lat' dir='ltr'><strong>quid</strong></span> <span class='ocrx_word' id='word_1_8' title='bbox 905 583 971 660; x_wconf 86' lang='lat' dir='ltr'><strong>agat</strong></span> <span class='ocrx_word' id='word_1_9' title='bbox 985 577 1037 659; x_wconf 90' lang='lat' dir='ltr'><strong>qui</strong></span> <span class='ocrx_word' id='word_1_10' title='bbox 1051 577 1262 660; x_wconf 85' lang='lat' dir='ltr'><strong>interrogativo</strong></span> <span class='ocrx_word' id='word_1_11' title='bbox 1276 597 1392 662; x_wconf 90' lang='lat' dir='ltr'><strong>prono·</strong></span> 
     </span>
     <span class='ocr_line' id='line_1_3' title="bbox 224 678 1445 766; baseline 0 -19"><span class='ocrx_word' id='word_1_12' title='bbox 224 683 304 747; x_wconf 90' lang='lat' dir='ltr'><strong>rninc</strong></span> <span class='ocrx_word' id='word_1_13' title='bbox 329 679 432 755; x_wconf 91' lang='lat' dir='ltr'><strong>utitur,</strong></span> <span class='ocrx_word' id='word_1_14' title='bbox 458 678 689 743; x_wconf 86' lang='lat' dir='ltr'><strong>consideremus.</strong></span> <span class='ocrx_word' id='word_1_15' title='bbox 719 679 811 762; x_wconf 79' lang='lat' dir='ltr'><strong>Igitur</strong></span> <span class='ocrx_word' id='word_1_16' title='bbox 828 680 1046 762; x_wconf 76' lang='lat' dir='ltr'><strong>interrogamus</strong></span> <span class='ocrx_word' id='word_1_17' title='bbox 1067 700 1160 765; x_wconf 89' lang='lat' dir='ltr'><strong>quum</strong></span> <span class='ocrx_word' id='word_1_18' title='bbox 1181 682 1218 746; x_wconf 88' lang='lat' dir='ltr'><strong>de</strong></span> <span class='ocrx_word' id='word_1_19' title='bbox 1238 701 1270 747; x_wconf 90' lang='lat' dir='ltr'><strong>rc</strong></span> <span class='ocrx_word' id='word_1_20' title='bbox 1291 682 1392 766; x_wconf 87' lang='lat' dir='ltr'><strong>ignota</strong></span> <span class='ocrx_word' id='word_1_21' title='bbox 1442 702 1445 712; x_wconf 91' lang='lat'>·</span> 
     </span>
     <span class='ocr_line' id='line_1_4' title="bbox 224 784 1391 870; baseline -0.001 -17"><span class='ocrx_word' id='word_1_22' title='bbox 224 787 365 853; x_wconf 81' lang='lat' dir='ltr'><strong>certiores</strong></span> <span class='ocrx_word' id='word_1_23' title='bbox 385 785 448 850; x_wconf 87' lang='lat' dir='ltr'><strong>lieri</strong></span> <span class='ocrx_word' id='word_1_24' title='bbox 468 784 613 868; x_wconf 89' lang='lat' dir='ltr'><strong>cupimus,</strong></span> <span class='ocrx_word' id='word_1_25' title='bbox 634 790 666 850; x_wconf 89' lang='lat' dir='ltr'><strong>et</strong></span> <span class='ocrx_word' id='word_1_26' title='bbox 686 785 896 870; x_wconf 87' lang='lat' dir='ltr'><strong>interrogativo</strong></span> <span class='ocrx_word' id='word_1_27' title='bbox 918 785 1097 869; x_wconf 78' lang='lat' dir='ltr'><strong>pronomine</strong></span> <span class='ocrx_word' id='word_1_28' title='bbox 1112 786 1235 865; x_wconf 91' lang='lat' dir='ltr'><strong>utimur,</strong></span> <span class='ocrx_word' id='word_1_29' title='bbox 1261 786 1312 852; x_wconf 91' lang='lat' dir='ltr'><strong>ubi</strong></span> <span class='ocrx_word' id='word_1_30' title='bbox 1327 806 1391 852; x_wconf 91' lang='lat' dir='ltr'><strong>rem</strong></span> 
     </span>
     <span class='ocr_line' id='line_1_5' title="bbox 223 889 1394 975; baseline 0 -19"><span class='ocrx_word' id='word_1_31' title='bbox 223 897 275 957; x_wconf 88' lang='lat' dir='ltr'><strong>aul</strong></span> <span class='ocrx_word' id='word_1_32' title='bbox 289 909 455 975; x_wconf 79' lang='lat' dir='ltr'><strong>porsonam,</strong></span> <span class='ocrx_word' id='word_1_33' title='bbox 471 909 546 972; x_wconf 85' lang='lat' dir='ltr'><strong>quac</strong></span> <span class='ocrx_word' id='word_1_34' title='bbox 561 889 686 955; x_wconf 89' lang='lat' dir='ltr'><strong>actionis</strong></span> <span class='ocrx_word' id='word_1_35' title='bbox 700 891 867 957; x_wconf 88' lang='lat' dir='ltr'><strong>subiectum</strong></span> <span class='ocrx_word' id='word_1_36' title='bbox 882 900 934 955; x_wconf 90' lang='lat' dir='ltr'><strong>aut</strong></span> <span class='ocrx_word' id='word_1_37' title='bbox 948 891 1098 956; x_wconf 90' lang='lat' dir='ltr'><strong>obiectum</strong></span> <span class='ocrx_word' id='word_1_38' title='bbox 1115 891 1163 967; x_wconf 89' lang='lat' dir='ltr'><strong>sit,</strong></span> <span class='ocrx_word' id='word_1_39' title='bbox 1179 911 1195 955; x_wconf 91' lang='lat' dir='ltr'><strong>a</strong></span> <span class='ocrx_word' id='word_1_40' title='bbox 1210 891 1295 956; x_wconf 92' lang='lat' dir='ltr'><strong>nobis</strong></span> <span class='ocrx_word' id='word_1_41' title='bbox 1306 891 1394 974; x_wconf 87' lang='lat' dir='ltr'><strong>igno-</strong></span> 
     </span>
     <span class='ocr_line' id='line_1_6' title="bbox 223 995 1394 1079; baseline -0.002 -18"><span class='ocrx_word' id='word_1_42' title='bbox 223 996 283 1062; x_wconf 88' lang='lat' dir='ltr'><strong>rari</strong></span> <span class='ocrx_word' id='word_1_43' title='bbox 304 995 489 1060; x_wconf 85' lang='lat' dir='ltr'><strong>ostendimus</strong></span> <span class='ocrx_word' id='word_1_44' title='bbox 509 995 656 1078; x_wconf 81' lang='lat' dir='ltr'><strong>simulque</strong></span> <span class='ocrx_word' id='word_1_45' title='bbox 675 995 799 1079; x_wconf 86' lang='lat' dir='ltr'><strong>cupidos</strong></span> <span class='ocrx_word' id='word_1_46' title='bbox 820 1013 876 1060; x_wconf 91' lang='lat' dir='ltr'><strong>nes</strong></span> <span class='ocrx_word' id='word_1_47' title='bbox 895 1016 961 1060; x_wconf 89' lang='lat' dir='ltr'><strong>esse</strong></span> <span class='ocrx_word' id='word_1_48' title='bbox 977 1005 1074 1061; x_wconf 85' lang='lat' dir='ltr'><strong>certae</strong></span> <span class='ocrx_word' id='word_1_49' title='bbox 1089 997 1264 1079; x_wconf 75' lang='lat' dir='ltr'><strong>cognitionis</strong></span> <span class='ocrx_word' id='word_1_50' title='bbox 1279 995 1394 1078; x_wconf 85' lang='lat' dir='ltr'><strong>signill-</strong></span> 
     </span>
     <span class='ocr_line' id='line_1_7' title="bbox 224 1099 1394 1184; baseline -0.003 -17"><span class='ocrx_word' id='word_1_51' title='bbox 224 1119 336 1168; x_wconf 86' lang='lat' dir='ltr'><strong>camus.</strong></span> <span class='ocrx_word' id='word_1_52' title='bbox 365 1101 479 1164; x_wconf 88' lang='lat' dir='ltr'><strong>llorum</strong></span> <span class='ocrx_word' id='word_1_53' title='bbox 500 1099 625 1163; x_wconf 88' lang='lat' dir='ltr'><strong>alterum</strong></span> <span class='ocrx_word' id='word_1_54' title='bbox 647 1099 823 1183; x_wconf 87' lang='lat' dir='ltr'><strong>pronomine</strong></span> <span class='ocrx_word' id='word_1_55' title='bbox 845 1101 1024 1184; x_wconf 90' lang='lat' dir='ltr'><strong>prolitemur</strong></span> <span class='ocrx_word' id='word_1_56' title='bbox 1037 1101 1204 1176; x_wconf 76' lang='lat' dir='ltr'><strong>indefinito,</strong></span> <span class='ocrx_word' id='word_1_57' title='bbox 1220 1099 1249 1164; x_wconf 87' lang='grc' dir='ltr'><strong>ιι.</strong></span> <span class='ocrx_word' id='word_1_58' title='bbox 1264 1121 1291 1165; x_wconf 92' lang='lat' dir='ltr'><strong>e.</strong></span> <span class='ocrx_word' id='word_1_59' title='bbox 1307 1099 1394 1182; x_wconf 88' lang='lat' dir='ltr'><strong>igno·</strong></span> 
     </span>
     <span class='ocr_line' id='line_1_8' title="bbox 223 1204 1394 1286; baseline -0.003 -15"><span class='ocrx_word' id='word_1_60' title='bbox 223 1215 304 1272; x_wconf 89' lang='lat' dir='ltr'><strong>ratae</strong></span> <span class='ocrx_word' id='word_1_61' title='bbox 319 1214 349 1270; x_wconf 91' lang='lat' dir='ltr'><strong>ct</strong></span> <span class='ocrx_word' id='word_1_62' title='bbox 363 1205 492 1270; x_wconf 86' lang='lat' dir='ltr'><strong>incertae</strong></span> <span class='ocrx_word' id='word_1_63' title='bbox 507 1204 549 1269; x_wconf 90' lang='lat' dir='ltr'><strong>rei</strong></span> <span class='ocrx_word' id='word_1_64' title='bbox 565 1205 658 1286; x_wconf 91' lang='lat' dir='ltr'><strong>signe,</strong></span> <span class='ocrx_word' id='word_1_65' title='bbox 676 1205 803 1270; x_wconf 87' lang='lat' dir='ltr'><strong>alterum</strong></span> <span class='ocrx_word' id='word_1_66' title='bbox 818 1217 930 1282; x_wconf 85' lang='lat' dir='ltr'><strong>autem,</strong></span> <span class='ocrx_word' id='word_1_67' title='bbox 952 1205 982 1270; x_wconf 92' lang='lat' dir='ltr'><strong>b.</strong></span> <span class='ocrx_word' id='word_1_68' title='bbox 998 1226 1024 1270; x_wconf 91' lang='lat' dir='ltr'><strong>c.</strong></span> <span class='ocrx_word' id='word_1_69' title='bbox 1039 1204 1131 1271; x_wconf 87' lang='lat' dir='ltr'><strong>animi</strong></span> <span class='ocrx_word' id='word_1_70' title='bbox 1146 1205 1241 1268; x_wconf 88' lang='lat' dir='ltr'><strong>nostri</strong></span> <span class='ocrx_word' id='word_1_71' title='bbox 1255 1207 1394 1270; x_wconf 85' lang='lat' dir='ltr'><strong>allectum</strong></span> 
     </span>
     <span class='ocr_line' id='line_1_9' title="bbox 223 1309 1393 1396; baseline -0.002 -20"><span class='ocrx_word' id='word_1_72' title='bbox 223 1311 474 1396; x_wconf 74' lang='lat' dir='ltr'><strong>cupiditatemque</strong></span> <span class='ocrx_word' id='word_1_73' title='bbox 489 1315 586 1373; x_wconf 85' lang='lat' dir='ltr'><strong>certae</strong></span> <span class='ocrx_word' id='word_1_74' title='bbox 603 1309 790 1390; x_wconf 86' lang='lat' dir='ltr'><strong>cognitionis,</strong></span> <span class='ocrx_word' id='word_1_75' title='bbox 807 1310 1008 1374; x_wconf 86' lang='lat' dir='ltr'><strong>moderatione</strong></span> <span class='ocrx_word' id='word_1_76' title='bbox 1020 1311 1099 1375; x_wconf 88' lang='lat' dir='ltr'><strong>vocis</strong></span> <span class='ocrx_word' id='word_1_77' title='bbox 1111 1315 1142 1374; x_wconf 87' lang='lat' dir='ltr'><strong>ct</strong></span> <span class='ocrx_word' id='word_1_78' title='bbox 1157 1319 1291 1375; x_wconf 80' lang='lat' dir='ltr'><strong>accentu.</strong></span> <span class='ocrx_word' id='word_1_79' title='bbox 1318 1309 1393 1375; x_wconf 86' lang='lat' dir='ltr'><strong>Nom</strong></span> 
     </span>
     <span class='ocr_line' id='line_1_10' title="bbox 224 1413 1394 1502; baseline -0.002 -20"><span class='ocrx_word' id='word_1_80' title='bbox 224 1417 308 1482; x_wconf 87' lang='lat' dir='ltr'><strong>aliter</strong></span> <span class='ocrx_word' id='word_1_81' title='bbox 322 1416 406 1502; x_wconf 82' lang='lat' dir='ltr'><strong>quic</strong></span> <span class='ocrx_word' id='word_1_82' title='bbox 422 1433 448 1480; x_wconf 91' lang='lat' dir='ltr'><strong>v.</strong></span> <span class='ocrx_word' id='word_1_83' title='bbox 465 1413 527 1498; x_wconf 85' lang='lat' dir='ltr'><strong>qui</strong></span> <span class='ocrx_word' id='word_1_84' title='bbox 541 1414 760 1499; x_wconf 85' lang='lat' dir='ltr'><strong>pronuntiatur,</strong></span> <span class='ocrx_word' id='word_1_85' title='bbox 776 1415 826 1480; x_wconf 91' lang='lat' dir='ltr'><strong>ubi</strong></span> <span class='ocrx_word' id='word_1_86' title='bbox 841 1414 1015 1498; x_wconf 87' lang='lat' dir='ltr'><strong>simpliciter</strong></span> <span class='ocrx_word' id='word_1_87' title='bbox 1029 1414 1227 1490; x_wconf 83' lang='lat' dir='ltr'><strong>indefinitum,</strong></span> <span class='ocrx_word' id='word_1_88' title='bbox 1243 1413 1330 1478; x_wconf 89' lang='lat' dir='ltr'><strong>aliter</strong></span> <span class='ocrx_word' id='word_1_89' title='bbox 1343 1414 1394 1480; x_wconf 93' lang='lat' dir='ltr'><strong>ubi</strong></span> 
     </span>
     <span class='ocr_line' id='line_1_11' title="bbox 224 1519 1394 1604; baseline -0.002 -18"><span class='ocrx_word' id='word_1_90' title='bbox 224 1521 466 1604; x_wconf 78' lang='lat' dir='ltr'><strong>interrogativum</strong></span> <span class='ocrx_word' id='word_1_91' title='bbox 492 1529 548 1584; x_wconf 90' lang='lat' dir='ltr'><strong>est.</strong></span> <span class='ocrx_word' id='word_1_92' title='bbox 578 1519 688 1584; x_wconf 81' lang='lat' dir='ltr'><strong>Natum</strong></span> <span class='ocrx_word' id='word_1_93' title='bbox 710 1529 810 1584; x_wconf 86' lang='lat' dir='ltr'><strong>autern</strong></span> <span class='ocrx_word' id='word_1_94' title='bbox 830 1521 976 1603; x_wconf 89' lang='lat' dir='ltr'><strong>ignomtio</strong></span> <span class='ocrx_word' id='word_1_95' title='bbox 996 1520 1079 1604; x_wconf 92' lang='lat' dir='ltr'><strong>prior</strong></span> <span class='ocrx_word' id='word_1_96' title='bbox 1100 1529 1146 1583; x_wconf 89' lang='lat' dir='ltr'><strong>est</strong></span> <span class='ocrx_word' id='word_1_97' title='bbox 1160 1537 1250 1602; x_wconf 87' lang='lat' dir='ltr'><strong>quam</strong></span> <span class='ocrx_word' id='word_1_98' title='bbox 1266 1519 1394 1584; x_wconf 89' lang='lat' dir='ltr'><strong>interro·</strong></span> 
     </span>
     <span class='ocr_line' id='line_1_12' title="bbox 224 1624 1395 1710; baseline -0.003 -20"><span class='ocrx_word' id='word_1_99' title='bbox 224 1626 312 1710; x_wconf 85' lang='lat' dir='ltr'><strong>gatio,</strong></span> <span class='ocrx_word' id='word_1_100' title='bbox 328 1645 424 1710; x_wconf 85' lang='lat' dir='ltr'><strong>neque</strong></span> <span class='ocrx_word' id='word_1_101' title='bbox 440 1625 597 1707; x_wconf 80' lang='lat' dir='ltr'><strong>quisquam</strong></span> <span class='ocrx_word' id='word_1_102' title='bbox 610 1625 725 1709; x_wconf 79' lang='lat' dir='ltr'><strong>‹puaevit</strong></span> <span class='ocrx_word' id='word_1_103' title='bbox 736 1644 811 1700; x_wconf 89' lang='lat' dir='ltr'><strong>rem,</strong></span> <span class='ocrx_word' id='word_1_104' title='bbox 827 1626 884 1690; x_wconf 81' lang='lat' dir='ltr'><strong>uisi</strong></span> <span class='ocrx_word' id='word_1_105' title='bbox 896 1645 986 1709; x_wconf 86' lang='lat' dir='ltr'><strong>quam</strong></span> <span class='ocrx_word' id='word_1_106' title='bbox 1000 1626 1122 1710; x_wconf 85' lang='lat' dir='ltr'><strong>ignorat</strong></span> <span class='ocrx_word' id='word_1_107' title='bbox 1144 1625 1195 1688; x_wconf 86' lang='lat' dir='ltr'><strong>Sic</strong></span> <span class='ocrx_word' id='word_1_108' title='bbox 1206 1624 1395 1707; x_wconf 88' lang='lat' dir='ltr'><strong>igituretiam</strong></span> 
     </span>
     <span class='ocr_line' id='line_1_13' title="bbox 224 1727 1395 1814; baseline -0.002 -19"><span class='ocrx_word' id='word_1_109' title='bbox 224 1731 410 1796; x_wconf 85' lang='lat' dir='ltr'><strong>indelinitam</strong></span> <span class='ocrx_word' id='word_1_110' title='bbox 433 1729 617 1813; x_wconf 90' lang='lat' dir='ltr'><strong>pronominis</strong></span> <span class='ocrx_word' id='word_1_111' title='bbox 637 1727 881 1812; x_wconf 78' lang='lat' dir='ltr'><strong>significationem</strong></span> <span class='ocrx_word' id='word_1_112' title='bbox 905 1731 1035 1814; x_wconf 88' lang='lat' dir='ltr'><strong>priorem</strong></span> <span class='ocrx_word' id='word_1_113' title='bbox 1052 1747 1142 1814; x_wconf 84' lang='lat' dir='ltr'><strong>quana</strong></span> <span class='ocrx_word' id='word_1_114' title='bbox 1158 1729 1395 1812; x_wconf 74' lang='lat' dir='ltr'><strong>interrogativum</strong></span> 
     </span>
     <span class='ocr_line' id='line_1_14' title="bbox 225 1833 685 1900; baseline -0.009 0"><span class='ocrx_word' id='word_1_115' title='bbox 225 1835 392 1900; x_wconf 86' lang='lat' dir='ltr'><strong>habendam</strong></span> <span class='ocrx_word' id='word_1_116' title='bbox 408 1855 473 1898; x_wconf 88' lang='lat' dir='ltr'><strong>esse</strong></span> <span class='ocrx_word' id='word_1_117' title='bbox 488 1833 685 1898; x_wconf 85' lang='lat' dir='ltr'><strong>censebimus.</strong></span> 
     </span>
    </p>

    <p class='ocr_par' dir='ltr' id='par_1_3' title="bbox 226 1937 1401 3582">
     <span class='ocr_line' id='line_1_15' title="bbox 312 1937 1396 2022; baseline 0.001 -20"><span class='ocrx_word' id='word_1_118' title='bbox 312 1939 363 2002; x_wconf 86' lang='lat' dir='ltr'><strong>llis</strong></span> <span class='ocrx_word' id='word_1_119' title='bbox 377 1937 519 2021; x_wconf 76' lang='lat' dir='ltr'><strong>expositis</strong></span> <span class='ocrx_word' id='word_1_120' title='bbox 537 1938 596 2002; x_wconf 88' lang='lat' dir='ltr'><strong>iarn</strong></span> <span class='ocrx_word' id='word_1_121' title='bbox 617 1937 652 2002; x_wconf 86' lang='lat' dir='ltr'><strong>ad</strong></span> <span class='ocrx_word' id='word_1_122' title='bbox 674 1938 846 2020; x_wconf 87' lang='lat' dir='ltr'><strong>particulam</strong></span> <span class='ocrx_word' id='word_1_123' title='bbox 863 1957 932 2022; x_wconf 87' lang='lat' dir='ltr'><strong>que</strong></span> <span class='ocrx_word' id='word_1_124' title='bbox 947 1939 1132 2012; x_wconf 82' lang='lat' dir='ltr'><strong>revertimur,</strong></span> <span class='ocrx_word' id='word_1_125' title='bbox 1147 1938 1232 2002; x_wconf 91' lang='lat' dir='ltr'><strong>cuius</strong></span> <span class='ocrx_word' id='word_1_126' title='bbox 1247 1937 1396 2003; x_wconf 88' lang='lat' dir='ltr'><strong>artissima</strong></span> 
     </span>
     <span class='ocr_line' id='line_1_16' title="bbox 226 2043 1396 2126; baseline -0.001 -19"><span class='ocrx_word' id='word_1_127' title='bbox 226 2061 294 2107; x_wconf 90' lang='lat' dir='ltr'><strong>cum</strong></span> <span class='ocrx_word' id='word_1_128' title='bbox 315 2043 491 2126; x_wconf 86' lang='lat' dir='ltr'><strong>pronomine</strong></span> <span class='ocrx_word' id='word_1_129' title='bbox 514 2043 650 2124; x_wconf 81' lang='lat' dir='ltr'><strong>cognatio</strong></span> <span class='ocrx_word' id='word_1_130' title='bbox 673 2061 767 2125; x_wconf 80' lang='lat' dir='ltr'><strong>quum</strong></span> <span class='ocrx_word' id='word_1_131' title='bbox 789 2043 818 2106; x_wconf 92' lang='lat' dir='ltr'><strong>in</strong></span> <span class='ocrx_word' id='word_1_132' title='bbox 834 2043 974 2106; x_wconf 77' lang='lat' dir='ltr'><strong>molesto</strong></span> <span class='ocrx_word' id='word_1_133' title='bbox 996 2043 1050 2118; x_wconf 82' lang='lat' dir='ltr'><strong>sit,</strong></span> <span class='ocrx_word' id='word_1_134' title='bbox 1073 2043 1131 2106; x_wconf 88' lang='lat' dir='ltr'><strong>boc</strong></span> <span class='ocrx_word' id='word_1_135' title='bbox 1150 2051 1267 2105; x_wconf 79' lang='lat' dir='ltr'><strong>mutum</strong></span> <span class='ocrx_word' id='word_1_136' title='bbox 1287 2043 1396 2125; x_wconf 77' lang='lat' dir='ltr'><strong>ambigi</strong></span> 
     </span>
     <span class='ocr_line' id='line_1_17' title="bbox 227 2145 1396 2230; baseline -0.001 -19"><span class='ocrx_word' id='word_1_137' title='bbox 227 2156 336 2230; x_wconf 84' lang='lat' dir='ltr'><strong>potest,</strong></span> <span class='ocrx_word' id='word_1_138' title='bbox 350 2147 427 2210; x_wconf 88' lang='lat' dir='ltr'><strong>sitne</strong></span> <span class='ocrx_word' id='word_1_139' title='bbox 443 2163 510 2228; x_wconf 87' lang='lat' dir='ltr'><strong>que</strong></span> <span class='ocrx_word' id='word_1_140' title='bbox 523 2165 557 2208; x_wconf 84' lang='lat' dir='ltr'><strong>es</strong></span> <span class='ocrx_word' id='word_1_141' title='bbox 567 2145 633 2228; x_wconf 85' lang='lat' dir='ltr'><strong>ipso</strong></span> <span class='ocrx_word' id='word_1_142' title='bbox 642 2145 699 2208; x_wconf 89' lang='lat' dir='ltr'><strong>boc</strong></span> <span class='ocrx_word' id='word_1_143' title='bbox 707 2145 883 2228; x_wconf 86' lang='lat' dir='ltr'><strong>pronomine</strong></span> <span class='ocrx_word' id='word_1_144' title='bbox 891 2145 1081 2220; x_wconf 87' lang='lat' dir='ltr'><strong>declinatum,</strong></span> <span class='ocrx_word' id='word_1_145' title='bbox 1093 2155 1127 2209; x_wconf 90' lang='lat' dir='ltr'><strong>ut</strong></span> <span class='ocrx_word' id='word_1_146' title='bbox 1138 2145 1220 2228; x_wconf 88' lang='lat' dir='ltr'><strong>prius</strong></span> <span class='ocrx_word' id='word_1_147' title='bbox 1230 2163 1396 2227; x_wconf 88' lang='lat' dir='ltr'><strong>pronomen</strong></span> 
     </span>
     <span class='ocr_line' id='line_1_18' title="bbox 227 2248 1396 2332; baseline 0 -20"><span class='ocrx_word' id='word_1_148' title='bbox 227 2249 320 2313; x_wconf 85' lang='lat' dir='ltr'><strong>luisse</strong></span> <span class='ocrx_word' id='word_1_149' title='bbox 338 2261 427 2332; x_wconf 86' lang='lat' dir='ltr'><strong>atque</strong></span> <span class='ocrx_word' id='word_1_150' title='bbox 446 2249 534 2312; x_wconf 91' lang='lat' dir='ltr'><strong>buius</strong></span> <span class='ocrx_word' id='word_1_151' title='bbox 553 2249 674 2312; x_wconf 89' lang='lat' dir='ltr'><strong>domum</strong></span> <span class='ocrx_word' id='word_1_152' title='bbox 694 2249 822 2313; x_wconf 87' lang='lat' dir='ltr'><strong>lormam</strong></span> <span class='ocrx_word' id='word_1_153' title='bbox 843 2249 991 2332; x_wconf 86' lang='lat' dir='ltr'><strong>quandam</strong></span> <span class='ocrx_word' id='word_1_154' title='bbox 1012 2251 1159 2314; x_wconf 88' lang='lat' dir='ltr'><strong>casualem</strong></span> <span class='ocrx_word' id='word_1_155' title='bbox 1175 2249 1206 2312; x_wconf 89' lang='lat' dir='ltr'><strong>in</strong></span> <span class='ocrx_word' id='word_1_156' title='bbox 1221 2248 1396 2331; x_wconf 81' lang='lat' dir='ltr'><strong>perticulam</strong></span> 
     </span>
     <span class='ocr_line' id='line_1_19' title="bbox 228 2351 1398 2435; baseline -0.001 -18"><span class='ocrx_word' id='word_1_157' title='bbox 228 2353 335 2417; x_wconf 86' lang='lat' dir='ltr'><strong>abiisse</strong></span> <span class='ocrx_word' id='word_1_158' title='bbox 356 2355 548 2418; x_wconf 82' lang='lat' dir='ltr'><strong>statuendum</strong></span> <span class='ocrx_word' id='word_1_159' title='bbox 564 2353 613 2428; x_wconf 88' lang='lat' dir='ltr'><strong>sit,</strong></span> <span class='ocrx_word' id='word_1_160' title='bbox 629 2370 666 2416; x_wconf 87' lang='grc' dir='ltr'><strong>ιι</strong></span> <span class='ocrx_word' id='word_1_161' title='bbox 681 2353 766 2416; x_wconf 89' lang='lat' dir='ltr'><strong>aliter</strong></span> <span class='ocrx_word' id='word_1_162' title='bbox 787 2372 820 2418; x_wconf 90' lang='lat' dir='ltr'><strong>se</strong></span> <span class='ocrx_word' id='word_1_163' title='bbox 835 2372 884 2418; x_wconf 85' lang='lat' dir='ltr'><strong>res</strong></span> <span class='ocrx_word' id='word_1_164' title='bbox 900 2353 1016 2417; x_wconf 85' lang='lat' dir='ltr'><strong>babeat.</strong></span> <span class='ocrx_word' id='word_1_165' title='bbox 1039 2351 1113 2416; x_wconf 83' lang='lat' dir='ltr'><strong>Nam</strong></span> <span class='ocrx_word' id='word_1_166' title='bbox 1129 2353 1181 2435; x_wconf 89' lang='lat' dir='ltr'><strong>qui</strong></span> <span class='ocrx_word' id='word_1_167' title='bbox 1197 2353 1227 2415; x_wconf 89' lang='lat' dir='ltr'><strong>in</strong></span> <span class='ocrx_word' id='word_1_168' title='bbox 1243 2351 1398 2416; x_wconf 84' lang='lat' dir='ltr'><strong>historiam</strong></span> 
     </span>
     <span class='ocr_line' id='line_1_20' title="bbox 228 2457 1398 2541; baseline -0.001 -20"><span class='ocrx_word' id='word_1_169' title='bbox 228 2457 394 2540; x_wconf 86' lang='lat' dir='ltr'><strong>linguarum</strong></span> <span class='ocrx_word' id='word_1_170' title='bbox 410 2458 592 2540; x_wconf 83' lang='lat' dir='ltr'><strong>inquisiverit</strong></span> <span class='ocrx_word' id='word_1_171' title='bbox 601 2467 631 2522; x_wconf 92' lang='lat' dir='ltr'><strong>et</strong></span> <span class='ocrx_word' id='word_1_172' title='bbox 641 2457 749 2541; x_wconf 79' lang='lat' dir='ltr'><strong>‹puibus</strong></span> <span class='ocrx_word' id='word_1_173' title='bbox 759 2458 910 2541; x_wconf 79' lang='lat' dir='ltr'><strong>paullatim</strong></span> <span class='ocrx_word' id='word_1_174' title='bbox 920 2457 1059 2540; x_wconf 85' lang='lat' dir='ltr'><strong>gradibus</strong></span> <span class='ocrx_word' id='word_1_175' title='bbox 1068 2457 1248 2521; x_wconf 85' lang='lat' dir='ltr'><strong>adoleverint</strong></span> <span class='ocrx_word' id='word_1_176' title='bbox 1257 2467 1287 2520; x_wconf 92' lang='lat' dir='ltr'><strong>et</strong></span> <span class='ocrx_word' id='word_1_177' title='bbox 1296 2457 1398 2520; x_wconf 86' lang='lat' dir='ltr'><strong>excul-</strong></span> 
     </span>
     <span class='ocr_line' id='line_1_21' title="bbox 229 2561 1398 2638; baseline -0.001 -12"><span class='ocrx_word' id='word_1_178' title='bbox 229 2571 276 2626; x_wconf 89' lang='lat' dir='ltr'><strong>tac</strong></span> <span class='ocrx_word' id='word_1_179' title='bbox 290 2565 351 2630; x_wconf 86' lang='lat' dir='ltr'><strong>sint</strong></span> <span class='ocrx_word' id='word_1_180' title='bbox 365 2563 613 2638; x_wconf 86' lang='lat' dir='ltr'><strong>animadverterit,</strong></span> <span class='ocrx_word' id='word_1_181' title='bbox 629 2570 724 2627; x_wconf 89' lang='lat' dir='ltr'><strong>certas</strong></span> <span class='ocrx_word' id='word_1_182' title='bbox 740 2563 803 2626; x_wconf 82' lang='lat' dir='ltr'><strong>illas</strong></span> <span class='ocrx_word' id='word_1_183' title='bbox 818 2581 941 2626; x_wconf 80' lang='lat' dir='ltr'><strong>menum</strong></span> <span class='ocrx_word' id='word_1_184' title='bbox 958 2561 1152 2626; x_wconf 79' lang='lat' dir='ltr'><strong>formationes</strong></span> <span class='ocrx_word' id='word_1_185' title='bbox 1166 2579 1228 2624; x_wconf 90' lang='lat' dir='ltr'><strong>non</strong></span> <span class='ocrx_word' id='word_1_186' title='bbox 1245 2561 1345 2625; x_wconf 77' lang='lat' dir='ltr'><strong>statim</strong></span> <span class='ocrx_word' id='word_1_187' title='bbox 1360 2561 1398 2627; x_wconf 88' lang='lat' dir='ltr'><strong>ab</strong></span> 
     </span>
     <span class='ocr_line' id='line_1_22' title="bbox 229 2664 1399 2752; baseline -0.005 -17"><span class='ocrx_word' id='word_1_188' title='bbox 229 2670 312 2736; x_wconf 92' lang='lat' dir='ltr'><strong>initio</strong></span> <span class='ocrx_word' id='word_1_189' title='bbox 320 2670 421 2745; x_wconf 89' lang='lat' dir='ltr'><strong>luisse,</strong></span> <span class='ocrx_word' id='word_1_190' title='bbox 428 2667 480 2733; x_wconf 89' lang='lat' dir='ltr'><strong>scd</strong></span> <span class='ocrx_word' id='word_1_191' title='bbox 491 2667 796 2752; x_wconf 89' lang='lat' dir='ltr'><strong>procedentcdemum</strong></span> <span class='ocrx_word' id='word_1_192' title='bbox 806 2675 941 2750; x_wconf 84' lang='lat' dir='ltr'><strong>tempore</strong></span> <span class='ocrx_word' id='word_1_193' title='bbox 948 2677 1105 2730; x_wconf 86' lang='lat' dir='ltr'><strong>natasessc</strong></span> <span class='ocrx_word' id='word_1_194' title='bbox 1114 2664 1265 2747; x_wconf 85' lang='lat' dir='ltr'><strong>intelliget,</strong></span> <span class='ocrx_word' id='word_1_195' title='bbox 1272 2683 1399 2748; x_wconf 87' lang='lat' dir='ltr'><strong>quarum</strong></span> 
     </span>
     <span class='ocr_line' id='line_1_23' title="bbox 231 2771 1399 2864; baseline -0.009 -20"><span class='ocrx_word' id='word_1_196' title='bbox 231 2797 323 2864; x_wconf 84' lang='lat' dir='ltr'><strong>quum</strong></span> <span class='ocrx_word' id='word_1_197' title='bbox 335 2777 406 2841; x_wconf 91' lang='lat' dir='ltr'><strong>olim</strong></span> <span class='ocrx_word' id='word_1_198' title='bbox 417 2773 512 2839; x_wconf 90' lang='lat' dir='ltr'><strong>maior</strong></span> <span class='ocrx_word' id='word_1_199' title='bbox 520 2789 663 2838; x_wconf 86' lang='lat' dir='ltr'><strong>numerus</strong></span> <span class='ocrx_word' id='word_1_200' title='bbox 673 2781 761 2846; x_wconf 71' lang='lat' dir='ltr'><strong>emet,</strong></span> <span class='ocrx_word' id='word_1_201' title='bbox 770 2789 840 2836; x_wconf 86' lang='lat' dir='ltr'><strong>mox</strong></span> <span class='ocrx_word' id='word_1_202' title='bbox 850 2789 941 2836; x_wconf 87' lang='lat' dir='ltr'><strong>unnvn</strong></span> <span class='ocrx_word' id='word_1_203' title='bbox 951 2781 1039 2855; x_wconf 83' lang='lat' dir='ltr'><strong>atque</strong></span> <span class='ocrx_word' id='word_1_204' title='bbox 1048 2771 1169 2861; x_wconf 79' lang='lat' dir='ltr'><strong>alteram</strong></span> <span class='ocrx_word' id='word_1_205' title='bbox 1180 2787 1283 2834; x_wconf 87' lang='lat' dir='ltr'><strong>earum</strong></span> <span class='ocrx_word' id='word_1_206' title='bbox 1294 2787 1399 2834; x_wconf 90' lang='lat' dir='ltr'><strong>rursus</strong></span> 
     </span>
     <span class='ocr_line' id='line_1_24' title="bbox 230 2874 1399 2960; baseline -0.009 -11"><span class='ocrx_word' id='word_1_207' title='bbox 230 2884 371 2949; x_wconf 83' lang='lat' dir='ltr'><strong>omissam</strong></span> <span class='ocrx_word' id='word_1_208' title='bbox 394 2899 460 2945; x_wconf 86' lang='lat' dir='ltr'><strong>esse</strong></span> <span class='ocrx_word' id='word_1_209' title='bbox 474 2879 619 2953; x_wconf 90' lang='lat' dir='ltr'><strong>videmus,</strong></span> <span class='ocrx_word' id='word_1_210' title='bbox 644 2887 677 2941; x_wconf 95' lang='lat' dir='ltr'><strong>ut</strong></span> <span class='ocrx_word' id='word_1_211' title='bbox 691 2877 723 2940; x_wconf 90' lang='lat' dir='ltr'><strong>in</strong></span> <span class='ocrx_word' id='word_1_212' title='bbox 737 2877 800 2942; x_wconf 89' lang='lat' dir='ltr'><strong>aliis</strong></span> <span class='ocrx_word' id='word_1_213' title='bbox 815 2877 923 2960; x_wconf 87' lang='lat' dir='ltr'><strong>linguis</strong></span> <span class='ocrx_word' id='word_1_214' title='bbox 939 2878 1039 2960; x_wconf 90' lang='lat' dir='ltr'><strong>plures</strong></span> <span class='ocrx_word' id='word_1_215' title='bbox 1054 2875 1085 2939; x_wconf 92' lang='lat' dir='ltr'><strong>io</strong></span> <span class='ocrx_word' id='word_1_216' title='bbox 1100 2875 1163 2940; x_wconf 87' lang='lat' dir='ltr'><strong>aliis</strong></span> <span class='ocrx_word' id='word_1_217' title='bbox 1178 2874 1333 2959; x_wconf 86' lang='lat' dir='ltr'><strong>pauciores</strong></span> <span class='ocrx_word' id='word_1_218' title='bbox 1349 2893 1399 2938; x_wconf 86' lang='lat' dir='ltr'><strong>ca·</strong></span> 
     </span>
     <span class='ocr_line' id='line_1_25' title="bbox 231 2977 1399 3068; baseline -0.009 -17"><span class='ocrx_word' id='word_1_219' title='bbox 231 3006 284 3051; x_wconf 90' lang='lat' dir='ltr'><strong>sus</strong></span> <span class='ocrx_word' id='word_1_220' title='bbox 298 2985 457 3068; x_wconf 85' lang='lat' dir='ltr'><strong>supersint,</strong></span> <span class='ocrx_word' id='word_1_221' title='bbox 468 2983 587 3066; x_wconf 88' lang='lat' dir='ltr'><strong>sintque</strong></span> <span class='ocrx_word' id='word_1_222' title='bbox 601 2983 691 3046; x_wconf 88' lang='lat' dir='ltr'><strong>etlam</strong></span> <span class='ocrx_word' id='word_1_223' title='bbox 707 2999 782 3062; x_wconf 81' lang='lat' dir='ltr'><strong>quae</strong></span> <span class='ocrx_word' id='word_1_224' title='bbox 797 2981 895 3044; x_wconf 90' lang='lat' dir='ltr'><strong>nullos</strong></span> <span class='ocrx_word' id='word_1_225' title='bbox 910 2982 973 3046; x_wconf 87' lang='lat' dir='ltr'><strong>lere</strong></span> <span class='ocrx_word' id='word_1_226' title='bbox 987 2979 1174 3054; x_wconf 89' lang='lat' dir='ltr'><strong>retinuerint,</strong></span> <span class='ocrx_word' id='word_1_227' title='bbox 1190 2979 1241 3042; x_wconf 90' lang='lat' dir='ltr'><strong>sed</strong></span> <span class='ocrx_word' id='word_1_228' title='bbox 1258 2977 1399 3061; x_wconf 84' lang='lat' dir='ltr'><strong>quicquid</strong></span> 
     </span>
     <span class='ocr_line' id='line_1_26' title="bbox 232 3081 1400 3168; baseline -0.01 -13"><span class='ocrx_word' id='word_1_229' title='bbox 232 3091 303 3156; x_wconf 92' lang='lat' dir='ltr'><strong>olim</strong></span> <span class='ocrx_word' id='word_1_230' title='bbox 317 3089 422 3154; x_wconf 86' lang='lat' dir='ltr'><strong>lermis</strong></span> <span class='ocrx_word' id='word_1_231' title='bbox 435 3086 654 3168; x_wconf 77' lang='lat' dir='ltr'><strong>significabatur</strong></span> <span class='ocrx_word' id='word_1_232' title='bbox 667 3085 731 3148; x_wconf 87' lang='lat' dir='ltr'><strong>aliis</strong></span> <span class='ocrx_word' id='word_1_233' title='bbox 746 3085 923 3166; x_wconf 83' lang='lat' dir='ltr'><strong>quibusdam</strong></span> <span class='ocrx_word' id='word_1_234' title='bbox 940 3085 1037 3147; x_wconf 88' lang='lat' dir='ltr'><strong>modis</strong></span> <span class='ocrx_word' id='word_1_235' title='bbox 1051 3083 1216 3164; x_wconf 83' lang='lat' dir='ltr'><strong>significent</strong></span> <span class='ocrx_word' id='word_1_236' title='bbox 1227 3083 1287 3161; x_wconf 80' lang='lat'>¹⁸).</span> <span class='ocrx_word' id='word_1_237' title='bbox 1309 3081 1400 3163; x_wconf 88' lang='lat' dir='ltr'><strong>igitur</strong></span> 
     </span>
     <span class='ocr_line' id='line_1_27' title="bbox 232 3185 1400 3278; baseline -0.011 -20"><span class='ocrx_word' id='word_1_238' title='bbox 232 3213 326 3278; x_wconf 86' lang='lat' dir='ltr'><strong>quem</strong></span> <span class='ocrx_word' id='word_1_239' title='bbox 339 3193 446 3274; x_wconf 83' lang='lat' dir='ltr'><strong>stirpes</strong></span> <span class='ocrx_word' id='word_1_240' title='bbox 461 3190 671 3254; x_wconf 88' lang='lat' dir='ltr'><strong>vocabulorum</strong></span> <span class='ocrx_word' id='word_1_241' title='bbox 687 3188 759 3250; x_wconf 92' lang='lat' dir='ltr'><strong>olim</strong></span> <span class='ocrx_word' id='word_1_242' title='bbox 774 3187 992 3268; x_wconf 74' lang='lat' dir='ltr'><strong>monosyllabas</strong></span> <span class='ocrx_word' id='word_1_243' title='bbox 1007 3203 1113 3249; x_wconf 89' lang='lat' dir='ltr'><strong>omnes</strong></span> <span class='ocrx_word' id='word_1_244' title='bbox 1130 3185 1222 3248; x_wconf 84' lang='lat' dir='ltr'><strong>luisse</strong></span> <span class='ocrx_word' id='word_1_245' title='bbox 1238 3185 1309 3247; x_wconf 89' lang='lat' dir='ltr'><strong>satis</strong></span> <span class='ocrx_word' id='word_1_246' title='bbox 1324 3201 1400 3246; x_wconf 91' lang='lat' dir='ltr'><strong>con·</strong></span> 
     </span>
     <span class='ocr_line' id='line_1_28' title="bbox 232 3285 1400 3375; baseline -0.01 -13"><span class='ocrx_word' id='word_1_247' title='bbox 232 3305 301 3367; x_wconf 89' lang='lat' dir='ltr'><strong>stet,</strong></span> <span class='ocrx_word' id='word_1_248' title='bbox 316 3295 380 3359; x_wconf 87' lang='lat' dir='ltr'><strong>lieri</strong></span> <span class='ocrx_word' id='word_1_249' title='bbox 394 3311 465 3358; x_wconf 85' lang='lat' dir='ltr'><strong>sanc</strong></span> <span class='ocrx_word' id='word_1_250' title='bbox 479 3293 585 3375; x_wconf 90' lang='lat' dir='ltr'><strong>potuit,</strong></span> <span class='ocrx_word' id='word_1_251' title='bbox 601 3301 635 3356; x_wconf 91' lang='lat' dir='ltr'><strong>ut</strong></span> <span class='ocrx_word' id='word_1_252' title='bbox 648 3293 755 3356; x_wconf 87' lang='lat' dir='ltr'><strong>harum</strong></span> <span class='ocrx_word' id='word_1_253' title='bbox 777 3290 936 3354; x_wconf 86' lang='lat' dir='ltr'><strong>nonnullae</strong></span> <span class='ocrx_word' id='word_1_254' title='bbox 958 3288 1060 3370; x_wconf 85' lang='lat' dir='ltr'><strong>quales</strong></span> <span class='ocrx_word' id='word_1_255' title='bbox 1081 3285 1165 3350; x_wconf 87' lang='lat' dir='ltr'><strong>initio</strong></span> <span class='ocrx_word' id='word_1_256' title='bbox 1185 3287 1308 3350; x_wconf 89' lang='lat' dir='ltr'><strong>luerunt</strong></span> <span class='ocrx_word' id='word_1_257' title='bbox 1326 3287 1400 3350; x_wconf 89' lang='lat' dir='ltr'><strong>tales</strong></span> 
     </span>
     <span class='ocr_line' id='line_1_29' title="bbox 234 3389 1400 3482; baseline -0.01 -18"><span class='ocrx_word' id='word_1_258' title='bbox 234 3399 322 3464; x_wconf 88' lang='lat' dir='ltr'><strong>etiam</strong></span> <span class='ocrx_word' id='word_1_259' title='bbox 337 3406 439 3482; x_wconf 85' lang='lat' dir='ltr'><strong>postea</strong></span> <span class='ocrx_word' id='word_1_260' title='bbox 454 3403 663 3479; x_wconf 83' lang='lat' dir='ltr'><strong>permanerent</strong></span> <span class='ocrx_word' id='word_1_261' title='bbox 678 3395 760 3458; x_wconf 91' lang='lat' dir='ltr'><strong>omni</strong></span> <span class='ocrx_word' id='word_1_262' title='bbox 777 3413 831 3478; x_wconf 83' lang='lat' dir='ltr'><strong>per</strong></span> <span class='ocrx_word' id='word_1_263' title='bbox 841 3393 1088 3476; x_wconf 86' lang='lat' dir='ltr'><strong>compositionem</strong></span> <span class='ocrx_word' id='word_1_264' title='bbox 1106 3399 1157 3455; x_wconf 87' lang='lat' dir='ltr'><strong>aut</strong></span> <span class='ocrx_word' id='word_1_265' title='bbox 1172 3389 1400 3455; x_wconf 86' lang='lat' dir='ltr'><strong>declinationem</strong></span> 
     </span>
     <span class='ocr_line' id='line_1_30' title="bbox 233 3493 1401 3582; baseline -0.009 -14"><span class='ocrx_word' id='word_1_266' title='bbox 233 3501 397 3568; x_wconf 84' lang='lat' dir='ltr'><strong>mutatione</strong></span> <span class='ocrx_word' id='word_1_267' title='bbox 411 3499 571 3564; x_wconf 89' lang='lat' dir='ltr'><strong>immunes.</strong></span> <span class='ocrx_word' id='word_1_268' title='bbox 597 3497 641 3562; x_wconf 81' lang='lat' dir='ltr'><strong>Ex</strong></span> <span class='ocrx_word' id='word_1_269' title='bbox 655 3499 714 3562; x_wconf 90' lang='lat' dir='ltr'><strong>boc</strong></span> <span class='ocrx_word' id='word_1_270' title='bbox 726 3517 834 3582; x_wconf 86' lang='lat' dir='ltr'><strong>genere</strong></span> <span class='ocrx_word' id='word_1_271' title='bbox 848 3497 977 3562; x_wconf 85' lang='lat' dir='ltr'><strong>dubitari</strong></span> <span class='ocrx_word' id='word_1_272' title='bbox 991 3495 1037 3560; x_wconf 84' lang='lat' dir='ltr'><strong>vix</strong></span> <span class='ocrx_word' id='word_1_273' title='bbox 1053 3503 1152 3578; x_wconf 89' lang='lat' dir='ltr'><strong>potest</strong></span> <span class='ocrx_word' id='word_1_274' title='bbox 1165 3493 1238 3577; x_wconf 89' lang='lat' dir='ltr'><strong>quin</strong></span> <span class='ocrx_word' id='word_1_275' title='bbox 1252 3493 1284 3557; x_wconf 93' lang='lat' dir='ltr'><strong>in</strong></span> <span class='ocrx_word' id='word_1_276' title='bbox 1298 3511 1401 3576; x_wconf 67' lang='lat' dir='ltr'><strong>paean</strong></span> 
     </span>
    </p>
   </div>
   <div class='ocr_carea' id='block_1_3' title="bbox 234 3759 1407 4524">
    <p class='ocr_par' dir='ltr' id='par_1_4' title="bbox 234 3759 1407 4524">
     <span class='ocr_line' id='line_1_31' title="bbox 305 3759 1403 3829; baseline -0.009 -12"><span class='ocrx_word' id='word_1_277' title='bbox 305 3762 346 3828; x_wconf 75' lang='lat'><strong>1³)</strong></span> <span class='ocrx_word' id='word_1_278' title='bbox 363 3760 521 3816; x_wconf 82' lang='lat' dir='ltr'><strong>Testimonia</strong></span> <span class='ocrx_word' id='word_1_279' title='bbox 538 3761 577 3815; x_wconf 79' lang='lat' dir='ltr'><strong>eei</strong></span> <span class='ocrx_word' id='word_1_280' title='bbox 595 3759 743 3814; x_wconf 77' lang='lat' dir='ltr'><strong>notissimae</strong></span> <span class='ocrx_word' id='word_1_281' title='bbox 755 3759 849 3814; x_wconf 72' lang='lat' dir='ltr'><strong>afferre</strong></span> <span class='ocrx_word' id='word_1_282' title='bbox 861 3773 1077 3829; x_wconf 76' lang='lat' dir='ltr'><strong>supervacaneum</strong></span> <span class='ocrx_word' id='word_1_283' title='bbox 1090 3765 1142 3812; x_wconf 84' lang='lat' dir='ltr'><strong>eat:</strong></span> <span class='ocrx_word' id='word_1_284' title='bbox 1159 3771 1239 3826; x_wconf 79' lang='lat' dir='ltr'><strong>nenne</strong></span> <span class='ocrx_word' id='word_1_285' title='bbox 1250 3765 1311 3824; x_wconf 78' lang='lat' dir='ltr'><strong>ego,</strong></span> <span class='ocrx_word' id='word_1_286' title='bbox 1327 3770 1403 3824; x_wconf 82' lang='lat' dir='ltr'><strong>quarn</strong></span> 
     </span>
     <span class='ocr_line' id='line_1_32' title="bbox 235 3843 1403 3920; baseline -0.008 -17"><span class='ocrx_word' id='word_1_287' title='bbox 235 3849 262 3904; x_wconf 87' lang='lat' dir='ltr'><strong>la</strong></span> <span class='ocrx_word' id='word_1_288' title='bbox 282 3847 348 3902; x_wconf 81' lang='lat' dir='ltr'><strong>libre</strong></span> <span class='ocrx_word' id='word_1_289' title='bbox 369 3849 400 3902; x_wconf 90' lang='lat' dir='ltr'><strong>de</strong></span> <span class='ocrx_word' id='word_1_290' title='bbox 420 3857 498 3920; x_wconf 88' lang='lat' dir='ltr'><strong>pnrtt.</strong></span> <span class='ocrx_word' id='word_1_291' title='bbox 518 3865 558 3902; x_wconf 89' lang='lat' dir='ltr'><strong>er.</strong></span> <span class='ocrx_word' id='word_1_292' title='bbox 575 3863 599 3916; x_wconf 83' lang='lat' dir='ltr'><strong>p.</strong></span> <span class='ocrx_word' id='word_1_293' title='bbox 614 3849 644 3900; x_wconf 77' lang='lat' dir='ltr'><strong>ln</strong></span> <span class='ocrx_word' id='word_1_294' title='bbox 660 3847 776 3902; x_wconf 83' lang='lat' dir='ltr'><strong>casuales</strong></span> <span class='ocrx_word' id='word_1_295' title='bbox 798 3849 926 3902; x_wconf 85' lang='lat' dir='ltr'><strong>nnninnna</strong></span> <span class='ocrx_word' id='word_1_296' title='bbox 950 3845 1045 3900; x_wconf 82' lang='lat' dir='ltr'><strong>lernaea</strong></span> <span class='ocrx_word' id='word_1_297' title='bbox 1057 3845 1119 3900; x_wconf 87' lang='lat' dir='ltr'><strong>licet</strong></span> <span class='ocrx_word' id='word_1_298' title='bbox 1130 3843 1333 3917; x_wconf 81' lang='lat' dir='ltr'><strong>percommodas,</strong></span> <span class='ocrx_word' id='word_1_299' title='bbox 1353 3859 1403 3895; x_wconf 84' lang='lat' dir='ltr'><strong>aon</strong></span> 
     </span>
     <span class='ocr_line' id='line_1_33' title="bbox 234 3927 1405 4004; baseline -0.007 -15"><span class='ocrx_word' id='word_1_300' title='bbox 234 3944 321 3990; x_wconf 82' lang='grc' dir='ltr'><strong>ιιιιιι</strong></span> <span class='ocrx_word' id='word_1_301' title='bbox 341 3937 429 4003; x_wconf 75' lang='lat' dir='ltr'><strong>adque</strong></span> <span class='ocrx_word' id='word_1_302' title='bbox 447 3935 606 3989; x_wconf 86' lang='lat' dir='ltr'><strong>necessariae</strong></span> <span class='ocrx_word' id='word_1_303' title='bbox 622 3935 748 4000; x_wconf 84' lang='lat' dir='ltr'><strong>dicerem,</strong></span> <span class='ocrx_word' id='word_1_304' title='bbox 769 3951 917 4002; x_wconf 70' lang='lat' dir='ltr'><strong>quemqnam</strong></span> <span class='ocrx_word' id='word_1_305' title='bbox 935 3932 991 3987; x_wconf 86' lang='lat' dir='ltr'><strong>iore</strong></span> <span class='ocrx_word' id='word_1_306' title='bbox 1002 3933 1091 4004; x_wconf 86' lang='lat' dir='ltr'><strong>pntsvi</strong></span> <span class='ocrx_word' id='word_1_307' title='bbox 1103 3933 1145 4002; x_wconf 81' lang='lat' dir='ltr'><strong>qui</strong></span> <span class='ocrx_word' id='word_1_308' title='bbox 1157 3931 1346 4000; x_wconf 75' lang='lat' dir='ltr'><strong>obloqueretur.</strong></span> <span class='ocrx_word' id='word_1_309' title='bbox 1369 3927 1405 3982; x_wconf 80' lang='lat' dir='ltr'><strong>Et</strong></span> 
     </span>
     <span class='ocr_line' id='line_1_34' title="bbox 236 4007 1405 4090; baseline -0.008 -13"><span class='ocrx_word' id='word_1_310' title='bbox 236 4031 319 4077; x_wconf 72' lang='lat' dir='ltr'><strong>une·</strong></span> <span class='ocrx_word' id='word_1_311' title='bbox 338 4023 389 4078; x_wconf 73' lang='lat' dir='ltr'><strong>noe</strong></span> <span class='ocrx_word' id='word_1_312' title='bbox 410 4021 504 4076; x_wconf 70' lang='lat' dir='ltr'><strong>saevum</strong></span> <span class='ocrx_word' id='word_1_313' title='bbox 523 4021 577 4075; x_wconf 73' lang='grc' dir='ltr'><strong>νιιι</strong></span> <span class='ocrx_word' id='word_1_314' title='bbox 597 4039 612 4075; x_wconf 76' lang='grc' dir='ltr'><strong>ι</strong></span> <span class='ocrx_word' id='word_1_315' title='bbox 635 4021 766 4074; x_wconf 69' lang='lat' dir='ltr'><strong>mantano·</strong></span> <span class='ocrx_word' id='word_1_316' title='bbox 784 4007 812 4074; x_wconf 77' lang='lat' dir='ltr'><strong>&#39;n</strong></span> <span class='ocrx_word' id='word_1_317' title='bbox 824 4017 916 4074; x_wconf 74' lang='lat' dir='ltr'><strong>nutet.</strong></span> <span class='ocrx_word' id='word_1_318' title='bbox 928 4019 994 4074; x_wconf 78' lang='lat' dir='ltr'><strong>xix</strong></span> <span class='ocrx_word' id='word_1_319' title='bbox 1006 4037 1030 4090; x_wconf 74' lang='lat' dir='ltr'><strong>p.</strong></span> <span class='ocrx_word' id='word_1_320' title='bbox 1042 4019 1102 4072; x_wconf 85' lang='lat' dir='ltr'><strong>aaa.</strong></span> <span class='ocrx_word' id='word_1_321' title='bbox 1125 4017 1405 4085; x_wconf 67' lang='lat' dir='ltr'><strong>nnvovvnopenn</strong></span> 
     </span>
     <span class='ocr_line' id='line_1_35' title="bbox 236 4103 1407 4175; baseline -0.006 -13"><span class='ocrx_word' id='word_1_322' title='bbox 236 4125 286 4162; x_wconf 90' lang='grc' dir='ltr'><strong>ιιι</strong></span> <span class='ocrx_word' id='word_1_323' title='bbox 304 4109 432 4163; x_wconf 76' lang='lat' dir='ltr'><strong>intellexit</strong></span> <span class='ocrx_word' id='word_1_324' title='bbox 449 4109 590 4163; x_wconf 80' lang='lat' dir='ltr'><strong>aliudesse</strong></span> <span class='ocrx_word' id='word_1_325' title='bbox 601 4109 727 4161; x_wconf 81' lang='lat' dir='ltr'><strong>nominans</strong></span> <span class='ocrx_word' id='word_1_326' title='bbox 739 4123 873 4175; x_wconf 85' lang='lat' dir='ltr'><strong>persaeus</strong></span> <span class='ocrx_word' id='word_1_327' title='bbox 885 4105 1089 4171; x_wconf 79' lang='lat' dir='ltr'><strong>declinationem,</strong></span> <span class='ocrx_word' id='word_1_328' title='bbox 1109 4105 1178 4158; x_wconf 87' lang='lat' dir='ltr'><strong>alind</strong></span> <span class='ocrx_word' id='word_1_329' title='bbox 1191 4104 1264 4170; x_wconf 81' lang='lat' dir='ltr'><strong>tltnn,</strong></span> <span class='ocrx_word' id='word_1_330' title='bbox 1284 4103 1351 4172; x_wconf 80' lang='lat' dir='ltr'><strong>qnod</strong></span> <span class='ocrx_word' id='word_1_331' title='bbox 1362 4117 1407 4155; x_wconf 86' lang='lat' dir='ltr'><strong>ca·</strong></span> 
     </span>
     <span class='ocr_line' id='line_1_36' title="bbox 238 4186 1406 4262; baseline -0.007 -16"><span class='ocrx_word' id='word_1_332' title='bbox 238 4194 310 4248; x_wconf 83' lang='lat' dir='ltr'><strong>siban</strong></span> <span class='ocrx_word' id='word_1_333' title='bbox 321 4195 424 4261; x_wconf 78' lang='lat' dir='ltr'><strong>subeat,</strong></span> <span class='ocrx_word' id='word_1_334' title='bbox 440 4211 528 4262; x_wconf 76' lang='lat' dir='ltr'><strong>nempe</strong></span> <span class='ocrx_word' id='word_1_335' title='bbox 540 4203 569 4248; x_wconf 89' lang='lat' dir='ltr'><strong>at</strong></span> <span class='ocrx_word' id='word_1_336' title='bbox 581 4211 623 4248; x_wconf 89' lang='lat' dir='ltr'><strong>res</strong></span> <span class='ocrx_word' id='word_1_337' title='bbox 635 4203 680 4247; x_wconf 88' lang='grc' dir='ltr'><strong>ιιι</strong></span> <span class='ocrx_word' id='word_1_338' title='bbox 691 4195 800 4248; x_wconf 86' lang='lat' dir='ltr'><strong>subiecti</strong></span> <span class='ocrx_word' id='word_1_339' title='bbox 812 4201 858 4247; x_wconf 85' lang='grc' dir='ltr'><strong>ιιι</strong></span> <span class='ocrx_word' id='word_1_340' title='bbox 870 4193 965 4247; x_wconf 86' lang='lat' dir='ltr'><strong>obiecti</strong></span> <span class='ocrx_word' id='word_1_341' title='bbox 977 4191 1086 4252; x_wconf 81' lang='lat' dir='ltr'><strong>alicuine</strong></span> <span class='ocrx_word' id='word_1_342' title='bbox 1098 4189 1181 4244; x_wconf 82' lang='lat' dir='ltr'><strong>leenae</strong></span> <span class='ocrx_word' id='word_1_343' title='bbox 1193 4189 1219 4243; x_wconf 90' lang='lat' dir='ltr'><strong>in</strong></span> <span class='ocrx_word' id='word_1_344' title='bbox 1231 4189 1349 4242; x_wconf 78' lang='lat' dir='ltr'><strong>emtione</strong></span> <span class='ocrx_word' id='word_1_345' title='bbox 1360 4186 1406 4239; x_wconf 80' lang='lat' dir='ltr'><strong>nb-</strong></span> 
     </span>
     <span class='ocr_line' id='line_1_37' title="bbox 238 4273 1407 4350; baseline -0.006 -18"><span class='ocrx_word' id='word_1_346' title='bbox 238 4279 345 4333; x_wconf 81' lang='lat' dir='ltr'><strong>deeset</strong></span> <span class='ocrx_word' id='word_1_347' title='bbox 367 4279 431 4334; x_wconf 74' lang='lat' dir='ltr'><strong>liant</strong></span> <span class='ocrx_word' id='word_1_348' title='bbox 445 4283 494 4336; x_wconf 85' lang='lat' dir='ltr'><strong>lanc</strong></span> <span class='ocrx_word' id='word_1_349' title='bbox 510 4283 610 4350; x_wconf 79' lang='lat' dir='ltr'><strong>quiden</strong></span> <span class='ocrx_word' id='word_1_350' title='bbox 622 4297 748 4348; x_wconf 78' lang='lat' dir='ltr'><strong>nunquan</strong></span> <span class='ocrx_word' id='word_1_351' title='bbox 760 4297 809 4334; x_wconf 87' lang='lat' dir='ltr'><strong>nan</strong></span> <span class='ocrx_word' id='word_1_352' title='bbox 822 4281 881 4334; x_wconf 77' lang='lat' dir='ltr'><strong>ieri</strong></span> <span class='ocrx_word' id='word_1_353' title='bbox 893 4293 999 4332; x_wconf 88' lang='lat' dir='ltr'><strong>neeesse</strong></span> <span class='ocrx_word' id='word_1_354' title='bbox 1010 4285 1065 4343; x_wconf 84' lang='lat' dir='ltr'><strong>est,</strong></span> <span class='ocrx_word' id='word_1_355' title='bbox 1085 4277 1148 4330; x_wconf 81' lang='lat' dir='ltr'><strong>illud</strong></span> <span class='ocrx_word' id='word_1_356' title='bbox 1159 4277 1282 4341; x_wconf 84' lang='lat' dir='ltr'><strong>alternat,</strong></span> <span class='ocrx_word' id='word_1_357' title='bbox 1303 4281 1332 4327; x_wconf 88' lang='grc' dir='ltr'><strong>ιι</strong></span> <span class='ocrx_word' id='word_1_358' title='bbox 1345 4273 1407 4326; x_wconf 80' lang='grc' dir='ltr'><strong>ιιι·</strong></span> 
     </span>
     <span class='ocr_line' id='line_1_38' title="bbox 239 4360 1407 4428; baseline -0.007 -8"><span class='ocrx_word' id='word_1_359' title='bbox 239 4365 362 4420; x_wconf 66' lang='lat' dir='ltr'><strong>mnu</strong></span> <span class='ocrx_word' id='word_1_360' title='bbox 373 4374 419 4420; x_wconf 85' lang='lat' dir='ltr'><strong>eat</strong></span> <span class='ocrx_word' id='word_1_361' title='bbox 429 4367 584 4422; x_wconf 68' lang='lat' dir='ltr'><strong>oblectare·</strong></span> <span class='ocrx_word' id='word_1_362' title='bbox 595 4367 782 4422; x_wconf 80' lang='lat' dir='ltr'><strong>dlserininatin</strong></span> <span class='ocrx_word' id='word_1_363' title='bbox 794 4367 872 4420; x_wconf 79' lang='lat' dir='ltr'><strong>etiam</strong></span> <span class='ocrx_word' id='word_1_364' title='bbox 883 4364 1028 4420; x_wconf 72' lang='lat' dir='ltr'><strong>usualibus</strong></span> <span class='ocrx_word' id='word_1_365' title='bbox 1037 4364 1164 4418; x_wconf 75' lang='lat' dir='ltr'><strong>neminem</strong></span> <span class='ocrx_word' id='word_1_366' title='bbox 1173 4360 1262 4418; x_wconf 72' lang='lat' dir='ltr'><strong>tenu</strong></span> <span class='ocrx_word' id='word_1_367' title='bbox 1270 4361 1407 4428; x_wconf 80' lang='lat' dir='ltr'><strong>indicatae,</strong></span> 
     </span>
     <span class='ocr_line' id='line_1_39' title="bbox 239 4451 1062 4524; baseline -0.002 -17"><span class='ocrx_word' id='word_1_368' title='bbox 239 4469 290 4507; x_wconf 87' lang='grc' dir='ltr'><strong>ιιι</strong></span> <span class='ocrx_word' id='word_1_369' title='bbox 301 4453 370 4508; x_wconf 87' lang='lat' dir='ltr'><strong>iteas.</strong></span> <span class='ocrx_word' id='word_1_370' title='bbox 392 4451 488 4507; x_wconf 84' lang='lat' dir='ltr'><strong>llanine</strong></span> <span class='ocrx_word' id='word_1_371' title='bbox 498 4453 579 4520; x_wconf 67' lang='lat' dir='ltr'><strong>igitur</strong></span> <span class='ocrx_word' id='word_1_372' title='bbox 589 4453 735 4508; x_wconf 71' lang='lat' dir='ltr'><strong>saumae</strong></span> <span class='ocrx_word' id='word_1_373' title='bbox 746 4453 891 4524; x_wconf 83' lang='lat' dir='ltr'><strong>perspicere</strong></span> <span class='ocrx_word' id='word_1_374' title='bbox 903 4469 953 4506; x_wconf 88' lang='lat' dir='ltr'><strong>aas</strong></span> <span class='ocrx_word' id='word_1_375' title='bbox 963 4452 1062 4522; x_wconf 82' lang='lat' dir='ltr'><strong>pntnitt</strong></span> 
     </span>
    </p>
   </div>
   <div class='ocr_carea' id='block_1_4' title="bbox 0 0 1608 4962">
    <p class='ocr_par' dir='ltr' id='par_1_5' title="bbox 0 0 1608 4962">
     <span class='ocr_line' id='line_1_40' title="bbox 0 0 1608 4962; baseline 0 0"><span class='ocrx_word' id='word_1_376' title='bbox 0 0 1608 4962; x_wconf 95' lang='lat' dir='ltr'><strong> </strong></span> 
     </span>
    </p>
   </div>
  </div>
 </body>
</html>
