3266 4958
673 411 822 512 -1-5*

163 599 257 666 citum
277 600 322 666 rel
342 603 504 669 coercitum
516 603 577 685 ²⁶).
607 603 711 686 Neque
731 602 822 686 igitur
840 603 1011 667 huiusmodi
1030 620 1121 685 reqno
1141 599 1213 666 illud
1230 601 1331 683 βασι-

163 700 256 784 lcluc
268 724 381 772 nornen
394 712 475 773 recte
489 705 581 772 tribui
595 715 693 787 neom,
708 705 734 770 si
749 704 871 790 quidem
886 706 976 771 etiam
990 706 1034 772 sic
1043 707 1087 771 rei
1098 705 1232 791 publicas
1242 703 1331 768 saluti

162 807 239 874 bene
261 811 441 876 consulatur.
471 810 610 876 Officium
627 820 727 876 nutem
742 808 815 874 boni
829 809 905 893 regis
919 811 978 875 boc
992 811 1179 894 potissimum
1194 828 1275 883 esse,
1296 815 1332 872 ut

162 911 203 976 sit
222 905 348 1001 φύλαξ,
376 907 473 992 ὅπως
499 907 533 980 oi
560 907 621 997 pria
646 907 841 1000 κεκτημένοι
861 909 924 992 τὰς
945 905 1061 991 ciclos
1081 907 1191 1000 ppos»
1213 901 1332 976 ἄδικον

11 981 23 1037 1·
163 1009 349 1097 πάσχωσιν,
372 1009 392 1082 ὁ
415 1013 453 1083 δὲ
476 1013 583 1104 δῆμος
602 1015 647 1106 μή
669 1010 844 1104 ὑβρίζηται
864 1011 1050 1104 popedon),
1076 1016 1106 1081 b.
1133 1038 1161 1082 e.
1181 1027 1216 1083 ut
1233 1035 1331 1102 neque

162 1120 313 1186 nobilibus
327 1129 358 1185 et
371 1121 567 1204 locupletibus
581 1142 599 1188 a
613 1122 699 1206 plebe
714 1123 820 1187 iniuria
835 1123 904 1198 frat,
919 1139 1015 1204 neque
1030 1121 1112 1206 plebs
1127 1142 1144 1186 a
1159 1122 1259 1205 paucis
1273 1139 1331 1206 op-

163 1225 324 1308 primatur;
343 1225 426 1308 quod
440 1227 512 1309 quid
526 1235 572 1291 est
585 1227 679 1304 aliud,
702 1247 792 1311 quam
807 1237 841 1292 ut
854 1246 944 1292 suum
959 1225 1065 1309 cuique
1080 1227 1155 1310 parti
1170 1225 1271 1310 populi
1285 1225 1330 1288 ius

163 1333 263 1393 tutum
278 1329 511 1416 inuiolatumque
525 1329 588 1396 sill
609 1333 653 1396 Ab
668 1333 726 1396 boc
739 1341 840 1396 autem
855 1351 944 1396 suum
956 1331 1063 1414 cuique
1075 1329 1222 1394 tribuendi
1232 1329 1330 1393 studio

162 1441 346 1516 quantopere
362 1453 483 1512 omnes,
505 1443 653 1521 quotquot
668 1435 805 1514 luerunt,
826 1438 871 1501 uel
886 1433 1060 1518 eligarcbiae
1074 1433 1120 1498 rel
1133 1433 1331 1499 democretius

161 1535 193 1602 ln
204 1537 324 1602 Graecia
334 1537 483 1604 abluerint
493 1541 584 1606 latere
595 1541 730 1624 prolecto
740 1541 930 1606 Aristotelem
942 1557 1003 1603 non
1016 1537 1121 1622 potuit.
1132 1538 1220 1622 quisi
1231 1547 1331 1602 tamen

162 1649 194 1706 et
207 1660 372 1726 paucorum
387 1644 543 1729 imperium
559 1655 591 1712 et
604 1665 670 1711 eam
686 1647 811 1711 civitatis
825 1645 970 1719 formam,
986 1643 1091 1726 inqua
1106 1661 1196 1727 penes
1210 1641 1330 1706 unirer·

162 1763 231 1810 sum
246 1747 390 1832 populum
406 1757 536 1832 potestas
549 1749 598 1826 sit,
614 1750 762 1816 salubrem
778 1749 821 1814 roi
835 1747 969 1832 publicae
982 1747 1106 1810 evadere
1120 1766 1209 1829 posse
1224 1745 1331 1828 ‹lispu-

162 1857 215 1924 tat,
231 1867 294 1913 non
307 1870 379 1914 sane
393 1852 466 1915 tales
480 1851 512 1916 iu
526 1861 627 1918 mente
642 1853 741 1926 babet,
756 1852 858 1936 quales
873 1851 935 1934 ipse
950 1851 1075 1928 ridebat,
1089 1850 1142 1912 sed
1153 1850 1255 1932 quales
1265 1867 1331 1912 esse

163 1951 310 2017 debebant
329 1963 381 2017 aut
402 1955 504 2036 quales
523 1955 593 2019 olim
614 1957 742 2020 tortasse
762 1955 793 2018 in
812 1972 872 2018 una
891 1955 934 2016 rel
952 1954 1044 2016 altera
1063 1953 1180 2014 ciuitate
1195 1951 1331 2032 aliquan·

163 2054 259 2137 tisper
277 2055 369 2119 luisse
387 2065 554 2139 acceperat,
574 2058 646 2121 ‹lum
667 2057 738 2121 boni
758 2075 858 2120 mores
872 2054 1021 2138 rigebant,
1042 2063 1073 2118 et
1087 2071 1185 2136 neque
1199 2052 1331 2135 potentia

66 2167 69 2172 '
163 2174 217 2221 sua
232 2158 407 2241 optimates,
430 2177 528 2242 nequo
542 2160 677 2224 libertate
692 2161 822 2244 populus
837 2178 905 2223 cum
921 2159 1000 2222 malo
1015 2156 1133 2240 publico
1147 2155 1331 2219 abutebatur.

163 2259 239 2323 Nam
262 2261 314 2344 qui
333 2261 409 2326 bene
431 2263 538 2327 morati
557 2270 645 2338 aunt,
665 2264 697 2328 bi
716 2280 777 2326 non
796 2281 929 2326 crescere
945 2261 1001 2344 ipsi
1015 2261 1147 2342 aliosque
1163 2258 1332 2342 opprimere

164 2363 342 2440 studebunt,
362 2382 460 2448 nequo
480 2367 546 2449 plus
566 2367 622 2430 sibi
641 2367 836 2449 arrogabunt,
859 2384 949 2450 quam
970 2366 1071 2438 decet,
1091 2363 1143 2426 sed
1164 2363 1222 2425 boc
1235 2379 1330 2425 unum

164 2466 325 2542 curabunt,
349 2474 385 2531 ut
409 2467 485 2532 bene
505 2469 677 2534 consulatur
697 2469 740 2532 rei
761 2468 912 2552 publicae,
940 2469 1063 2550 eiusque
1081 2463 1332 2529 administrandae

163 2577 340 2651 potestatem
357 2570 392 2633 iis
406 2577 522 2633 tantum
538 2571 720 2654 permittent,
735 2591 811 2653 quos
825 2573 940 2655 dignos,
956 2570 985 2633 b.
1002 2590 1029 2633 e.
1044 2569 1139 2633 bonos
1153 2587 1188 2632 ac
1198 2567 1332 2650 pruden-

163 2680 210 2735 tes
238 2671 438 2755 cognoverint.
473 2675 571 2755 Atque
593 2673 666 2737 baec
684 2685 730 2738 est
750 2675 933 2739 aristocratia
953 2673 1014 2738 reri
1037 2671 1182 2742 nominis,
1203 2687 1266 2732 non
1285 2688 1329 2742 ea,

164 2792 254 2857 quam
275 2775 349 2838 lalso
369 2775 490 2838 nomine
510 2777 596 2859 vulqo
617 2777 756 2860 appellari
771 2777 921 2852 violemus,
942 2794 1106 2860 paucorum
1120 2782 1173 2838 aut
1186 2771 1330 2836 nobilium

164 2886 216 2942 aut
229 2877 352 2941 divitum
367 2879 553 2961 praepollens
568 2887 711 2963 potestas,
725 2881 778 2944 secl
794 2881 925 2944 uirorum
940 2880 1124 2964 optimorum
1139 2873 1331 2940 administra·

163 2981 206 3045 tio
235 2980 279 3045 rei
303 2980 451 3064 publicae,
477 3001 552 3064 quae
574 2983 605 3046 in
628 3001 805 3066 quacunque
825 2993 871 3048 cst
890 2983 1015 3048 ciuitatis
1035 2983 1145 3058 lorrna,
1171 2979 1212 3044 ibi
1231 2979 1330 3042 locum

163 3083 272 3150 babere
287 3085 485 3150 concedemus
500 3086 572 3151 illud
586 3087 698 3170 Anglici
713 3097 819 3172 poetae
833 3087 957 3163 dictum,

452 3223 484 3259 on
497 3203 576 3260 lerata
589 3204 619 3260 ol
628 3216 794 3275 povernment
805 3207 843 3260 let
854 3207 922 3261 lcols
933 3215 1048 3271 contenta

450 3293 494 3346 tbs
505 3293 565 3346 best
576 3293 771 3348 administratori
783 3295 806 3347 ts
818 3293 862 3346 tbs
874 3293 940 3347 best.

163 3397 249 3473 Quod
270 3396 297 3461 si
319 3414 399 3462 unus
419 3415 483 3462 rem
504 3399 652 3483 publicam
672 3401 703 3464 in
723 3409 869 3484 potestate
883 3399 987 3476 babet,
1007 3416 1070 3464 non
1083 3399 1183 3463 minus
1198 3395 1332 3481 prolecto

230 3579 274 3646 uo)
295 3581 453 3636 Aristotcles
474 3585 573 3652 quiden
595 3585 751 3638 subrueretis
767 3585 808 3638 bia
824 3593 946 3654 quattuor
956 3586 1093 3652 peceribus
1105 3582 1146 3639 ΙΙΙ.
1160 3587 1205 3651 10,
1221 3583 1238 3636 2
1254 3584 1332 3637 etiam

122 3675 126 3682 ’
163 3665 275 3734 quintum
292 3665 374 3719 souin
391 3668 527 3737 stipator
543 3664 574 3721 δ’
587 3665 664 3728 sirloc
673 3669 826 3737 pucritiae,
838 3663 908 3724 ὅταν
920 3661 935 3742 ᾗ
949 3667 1067 3724 arrierrer
1077 3666 1174 3740 seipsos
1185 3661 1226 3730 εἷς
1236 3663 1278 3722 ὄν
1287 3695 1332 3722 -.

163 3744 261 3821 ὅσπερ
273 3747 358 3820 yrlpq'
373 3749 541 3822 etsoooptxl
552 3755 682 3820 paralelos
695 3770 737 3813 τις
748 3755 840 3814 stelae
851 3750 937 3822 iuris,
950 3750 1038 3814 οὕτως
1049 3751 1065 3822 ἡ
1076 3755 1206 3822 βασιλεία
1223 3750 1334 3813 πόλεως

163 3833 210 3888 trel
222 3829 324 3894 ἔθνους
334 3831 425 3903 leciri
438 3833 578 3891 alerem
590 3836 751 3908 οἰκονομία.
774 3839 889 3907 Apparet
899 3839 1055 3909 icspctleu·
1067 3855 1172 3906 rcqnun
1181 3838 1332 3906 significum,

164 3919 189 3972 in
201 3935 249 3988 qno
262 3927 333 3972 tarta
346 3920 381 3973 sit
392 3921 462 3988 repis
474 3929 598 3989 potestas,
609 3931 701 3991 quanta
713 3923 738 3976 la
751 3923 825 3976 dono
837 3925 918 3993 patris
930 3923 1048 3978 lenitus.
1068 3923 1147 3993 Atqui
1159 3921 1332 3990 δεσποτικὴν

163 3998 255 4075 ἀρχὴν
271 4005 347 4058 stiunt
363 4005 428 4075 apud
444 4005 570 4060 barbaros
582 4007 703 4076 quendum
715 4023 820 4076 rcquun
831 4025 889 4063 esca
901 4011 968 4064 lixit
979 4027 1003 4063 c.
1015 4011 1041 4076 l,
1053 4011 1078 4078 ³,
1090 4019 1117 4064 et
1129 4009 1334 4081 παραπλησίη

163 4091 316 4165 τυραννικῇ
321 4127 329 4157 ,
345 4097 376 4143 ut
391 4091 435 4145 vix
452 4093 606 4162 perspicies,
621 4093 681 4164 quii
698 4095 805 4150 intersit
821 4096 889 4150 ieter
904 4095 953 4149 bec
968 4103 996 4150 ct
1012 4095 1085 4150 tltsc.
1109 4095 1186 4150 Certe
1198 4103 1252 4149 tan
1262 4093 1335 4148 tesnl

81 4245 83 4252 y
163 4175 310 4230 lbcrinlns
321 4176 419 4230 distsrs
431 4177 564 4248 ridentur,
580 4187 609 4234 nt
621 4195 671 4233 soe
683 4196 788 4235 saccus
799 4182 988 4253 putansa-inas,
998 4180 1070 4236 illius
1080 4183 1164 4253 qulstl
1174 4183 1279 4251 mels
1289 4195 1334 4235 ss·

162 4262 272 4332 peratln
282 4261 433 4317 mlius·
444 4261 544 4334 nass,
560 4265 607 4320 sel
618 4265 826 4322 mulnarius
837 4267 865 4324 ll
875 4283 933 4324 cu
944 4277 1051 4340 questo,
1062 4269 1129 4340 qut
1140 4269 1168 4324 ts
1177 4265 1334 4324 Aristotelis

164 4349 354 4404 eumantius
365 4349 502 4404 muln
513 4357 563 4406 ast.

232 4433 277 4504 aa)
294 4432 373 4490 rme
383 4431 417 4503 v,
428 4434 491 4502 sc
