3166 4962
679 416 744 482 283

128 606 181 670 scd
200 605 259 671 boc
272 605 377 671 saltem
393 606 521 672 dubitari
540 607 653 690 nequit,
674 606 835 690 paniculae
853 623 922 688 que
938 605 968 668 in
987 603 1147 680 tonteue
1162 607 1298 684 potesta·

128 715 190 772 tern
205 727 266 772 non
281 709 368 772 aliam
383 729 460 782 esse.
475 727 565 792 quarn
581 709 693 772 relativi
708 709 835 772 adverbii
852 727 960 792 quum
976 708 1006 770 in
1022 707 1232 788 sioniquum.

214 813 345 876 &uirus
366 813 525 896 particulae
543 821 720 896 potestatem
741 813 957 895 agnoscendam
977 831 1044 874 esse
1059 809 1148 874 ereio
1161 808 1251 870 etiam
1265 805 1296 868 in

129 915 290 998 absque,
317 915 397 998 quoti
417 915 590 979 uocabulum
611 935 704 997 quum
725 917 803 999 sputi
824 913 994 999 posterioris
1015 915 1119 976 aetatis
1138 911 1297 992 sniprtorea

129 1019 216 1101 plane
236 1021 272 1082 ad
294 1020 386 1082 laeter
400 1019 637 1103 praepositionis,
663 1037 717 1105 pro
733 1020 829 1091 sinc.
848 1020 985 1100 usurpari
1003 1017 1123 1078 solitum
1144 1017 1183 1078 sit
1203 1012 1294 1088 (unde

129 1123 252 1196 iactum,
267 1131 302 1185 ut
316 1121 516 1204 grammaticis
530 1121 600 1184 illud
615 1141 699 1204 que,
715 1121 745 1184 in
757 1141 816 1203 quo
827 1121 1020 1203 copulativam
1037 1119 1095 1181 sim
1109 1119 1219 1181 nullam
1232 1134 1296 1178 esse

129 1235 210 1288 recte
225 1224 428 1306 intelligerent,
448 1225 520 1286 nibil
535 1224 590 1287 nisi
605 1223 739 1305 syllabica
755 1223 899 1304 quarelam
914 1222 1038 1286 adiectio
1054 1221 1192 1302 propriae
1205 1217 1297 1300 signi·
1400 1231 1405 1240 ·

130 1325 278 1390 beatioris
292 1344 398 1408 expers
406 1327 686 1406 esserbiereturi⁴b
700 1327 777 1408 apud
789 1325 928 1408 antiquos
938 1341 1102 1406 numquam
1113 1322 1199 1386 aliter
1208 1335 1297 1384 usur-

129 1429 195 1513 pari
220 1437 348 1501 constat,
374 1427 430 1490 nisi
449 1447 519 1492 cum
538 1429 624 1492 tertia
639 1427 720 1490 serbi
738 1427 912 1490 substantivi
934 1443 1059 1508 prrsma
1074 1425 1104 1487 in
1120 1421 1211 1484 morlo
1224 1420 1297 1484 sub·

128 1532 271 1604 iunctiro,
300 1550 327 1593 e.
348 1549 374 1593 u.
396 1531 533 1613 absque
559 1539 593 1593 te
619 1530 686 1604 sit,
712 1530 853 1611 absque
880 1548 932 1590 me
955 1529 1066 1598 ieret.
1093 1525 1236 1605 absque
1255 1542 1296 1586 eo

129 1634 276 1711 eructi),
297 1631 328 1696 in
348 1651 406 1714 qua
421 1640 571 1696 structura
591 1631 661 1695 illuri
682 1632 802 1713 quietem
819 1647 985 1693 remonon
1004 1627 1149 1707 inteiligit,
1174 1625 1296 1688 verbum

131 1733 370 1816 impersonaliter
389 1734 470 1817 poni.
491 1733 521 1796 b.
536 1753 562 1796 e.
577 1734 641 1796 siue
661 1733 784 1796 subiecti
804 1731 1015 1811 designatione,
1036 1729 1120 1792 cuius
1141 1725 1297 1790 omittendi

131 1833 205 1896 haec
219 1853 305 1896 causa
321 1834 387 1908 luit,
402 1833 483 1915 quoti
498 1834 569 1897 nibil
585 1835 641 1898 nisi
656 1853 691 1898 ea
707 1853 806 1897 rerum
822 1832 952 1896 conditio
967 1831 1112 1914 designari
1129 1840 1240 1912 posset,
1261 1827 1298 1891 tie

131 1953 190 2017 qua
205 1953 298 2017 quum
319 1935 447 2000 maxime
461 1945 611 2018 speretur3
636 1937 688 1998 sod
707 1936 830 1998 rerbum
852 1935 949 2018 ipsum
964 1935 1088 2012 eiusque
1103 1931 1211 1994 mosius
1225 1929 1298 1992 sub-

105 2083 109 2092 .
130 2036 280 2100 iunctione
300 2036 379 2100 uude
394 2037 522 2118 pendeat
538 2037 674 2100 subtilius
694 2037 897 2119 quaerendum
912 2042 968 2098 est.
1004 2035 1137 2098 Fuerunt
1150 2033 1230 2096 enim
1246 2031 1298 2114 qui

133 2145 313 2202 structuram
335 2138 493 2220 eiliptiram
508 2157 575 2201 esse
589 2139 754 2210 crederent,
770 2137 979 2217 subaudirique
995 2135 1101 2196 vellent
1116 2131 1301 2196 coniunctio-

128 2258 197 2304 nem
213 2239 442 2304 conditionalem
460 2246 496 2314 ts.
513 2241 757 2322 continuativam)
771 2241 819 2313 si,
835 2257 924 2322 quam
947 2237 1065 2320 qtridem
1082 2237 1169 2298 etiam
1185 2235 1256 2298 alias
1269 2233 1301 2296 iu

127 2341 380 2406 enuntiationibus
400 2341 597 2424 hypotheticis
617 2343 759 2407 omissam
781 2363 847 2407 esse
875 2342 1020 2414 sitiemus,
1042 2340 1121 2402 solut
1135 2338 1212 2423 apud
1229 2337 1300 2399 l’er·

126 2446 230 2528 gilium
250 2445 322 2508 ben.
341 2445 385 2518 vt,
402 2445 453 2518 ³0,
475 2464 564 2526 quem
584 2446 682 2510 locum
702 2447 793 2510 etiarn
821 2445 990 2508 Priscianus
1004 2441 1106 2516 b'l'ill,
1125 2443 1174 2516 tu,
1189 2439 1230 2505 stt
1245 2457 1300 2524 pro

126 2550 261 2632 exemplo
275 2549 365 2612 huius
380 2547 549 2612 omissionis
566 2549 680 2614 citarit:

734 2653 786 2716 'iu
801 2669 953 2737 quoque
968 2667 1141 2732 magnum

186 2763 331 2840 partem
346 2776 457 2841 opere
472 2757 506 2820 in
522 2763 641 2833 tanto,
656 2757 803 2822 sineret
816 2755 940 2830 dolor,
955 2753 1058 2818 icare
1072 2751 1238 2816 haberes.

129 2859 217 2941 btqui
232 2859 285 2932 sic,
300 2859 326 2921 si
341 2859 412 2922 illud
427 2859 562 2942 absque
584 2865 618 2922 te
637 2869 738 2922 esset
752 2861 879 2943 elbptioe
893 2858 1005 2922 dictum
1020 2863 1167 2921 statuatur
1180 2873 1235 2938 pro
1250 2873 1297 2930 eo,

131 2995 334 3009 *un—

130 3060 229 3113 uieutu
250 3069 335 3114 auten
355 3063 522 3133 conpositum
542 3079 601 3118 esse
622 3065 678 3119 vuit
694 3081 726 3118 es
744 3065 877 3130 ueyatioue
895 3065 924 3117 ai
936 3072 963 3118 et
974 3063 1097 3116 adverbio
1109 3061 1218 3115 relativo
1231 3075 1297 3113 caus

127 3149 246 3214 (quoni,
264 3148 737 3216 ululo-ui·eutupropriesit-eo
750 3153 985 3218 discursuum,
1003 3165 1071 3202 ses
1084 3158 1296 3214 teusparsasa

126 3247 221 3300 quun.
246 3232 392 3298 significari
405 3236 484 3302 igitur
497 3243 594 3304 tenpus
607 3253 656 3304 quo
668 3235 763 3305 aliquit
776 3253 825 3288 ocu
838 3235 888 3302 sit,
903 3245 979 3303 atque
991 3235 1050 3288 biae
1061 3235 1138 3287 utlara
1151 3234 1231 3298 illusi,
1248 3249 1298 3300 qus

126 3332 183 3369 esse
195 3321 322 3386 eoeperit,
343 3321 434 3374 deiude
446 3330 543 3384 autem,
560 3321 697 3376 obscurata
711 3323 897 3390 significatione
910 3323 1037 3390 aeyativs,
1050 3322 1113 3374 illos
1125 3335 1223 3389 quoque
1233 3325 1300 3371 ten·

125 3418 180 3472 pus,
192 3421 240 3472 spuo
252 3407 347 3475 aliquid
361 3408 405 3472 sit,
418 3408 561 3474 oppositum
573 3407 650 3462 alteri
661 3411 770 3475 cuipiam
784 3418 872 3476 postea
883 3410 981 3462 denen
994 3407 1090 3462 tuturo.
1111 3407 1221 3460 baselae
1231 3405 1298 3460 ratis

127 3505 159 3541 au
172 3505 226 3544 rosa
239 3493 399 3556 probabilior
410 3495 452 3560 sit,
466 3495 590 3546 lectoratu
602 3501 659 3548 esto
672 3495 801 3548 iudicium.

194 3579 220 3642 4)
239 3577 297 3632 vit.
311 3579 435 3633 Priscian.
449 3579 521 3644 xlv,
533 3581 559 3645 l,
571 3581 603 3632 ll
617 3595 640 3646 p.
654 3582 696 3644 tu,
709 3581 741 3634 il
755 3583 855 3636 ibertus
871 3583 1067 3648 „derivatur
1081 3588 1185 3634 satura
1201 3579 1241 3633 ab
1262 3596 1298 3633 es

127 3665 208 3732 quorl
224 3674 273 3719 eat
289 3667 345 3718 obe
360 3669 485 3734 ubsque.
512 3681 657 3734 raroque,
673 3669 798 3734 quaudo
811 3670 917 3722 uiaret
929 3665 1209 3735 alysiiieatissen
1221 3683 1321 3720 esau

130 3751 308 3808 inustionis
326 3767 387 3804 uoa
405 3751 515 3816 babet,
531 3749 734 3821 syllabam,
752 3771 810 3805 non
824 3755 1087 3821 parsoratioais,
1103 3754 1300 3821 quemuisia

131 3837 256 3906 ubique,
270 3837 419 3907 undique,
432 3837 541 3905 itaque
552 3845 584 3890 ca
595 3837 787 3892 sinilibus.“
802 3837 849 3892 ·Gl.
862 3839 896 3892 ib.
909 3855 932 3892 e.
944 3840 968 3906 ti,
980 3840 1014 3891 49
1027 3839 1098 3906 poi,
1110 3840 1159 3892 26:
1171 3843 1300 3908 Absque

133 3924 318 3992 quibusdan
342 3925 516 3992 conposita
537 3939 552 3976 a
582 3925 828 3992 praepositione
846 3928 904 3978 ebs
930 3935 962 3979 ct
982 3941 1041 3996 psas
1068 3927 1300 3980 essissetisaa

132 4009 273 4074 videtum
294 4013 347 4064 sesi
368 4025 520 4080 uunquam
540 4027 600 4080 qus
619 4011 808 4064 uouissetio
826 4011 857 4064 is
878 4013 1115 4082 compositius
1136 4029 1221 4066 saa·
1238 4013 1299 4067 siaa

130 4095 263 4164 setteis,
280 4103 432 4166 usuique,
444 4113 555 4166 seque,
567 4112 702 4166 quoquae
719 4097 1301 4168 erpoquassoamittitaipaiiiaatis·

134 4195 215 4248 asu,
226 4181 386 4255 syllables
398 4183 496 4250 stupis
508 4183 634 4236 adiecta
648 4183 785 4237 uitetur.

194 4269 220 4335 bl
240 4267 377 4340 Utriusque
394 4277 541 4323 structurae
558 4269 653 4324 abatiae
665 4269 838 4338 exemplorum
850 4272 981 4340 congessit
993 4269 1218 4327 nausiarent
1230 4287 1255 4342 p.
1267 4273 1300 4326 bi

126 4369 190 4422 sep,
202 4369 249 4408 aee
261 4373 311 4408 seu
323 4363 501 4422 comptorum
513 4355 610 4426 aliquot
620 4357 686 4426 apua
699 4357 858 4426 antiquiores
870 4355 986 4412 leesrau
998 4359 1150 4414 saeuum·
1162 4357 1240 4426 lesit,
1256 4359 1302 4414 sat

126 4439 200 4509 absp
209 4455 245 4494 ue
260 4449 352 4495 eastra
367 4441 466 4510 antiqui
477 4443 603 4496 semesis
614 4443 801 4512 proprietate·
812 4459 828 4496 a
840 4442 954 4498 ttaeartte
965 4445 1095 4501 inrecta·
1105 4433 1150 4502 aa!
1159 4461 1207 4514 prs
1218 4445 1300 4510 siaa,
