3182 4962
761 432 915 532 Aa-

254 627 295 691 illi
310 625 450 690 fabricam
465 621 672 689 sollertissime
687 629 835 698 exercent,
850 621 882 686 bi
903 621 941 686 eb
956 620 1039 685 omni
1054 619 1132 686 ritae
1152 621 1233 686 cultu
1253 623 1361 689 remoti
1377 643 1426 690 er-
1525 593 1527 596 ι

66 730 83 756 “
130 779 139 789 .
254 730 389 813 tiumque
413 727 548 792 omnium
574 726 649 789 atleo
682 735 816 808 expertes
841 733 927 799 sunt,
954 733 988 788 ut
1013 742 1050 787 ne
1076 731 1155 790 rates
1178 725 1299 809 quidem
1322 747 1426 811 parare
1475 722 1477 726 ’

252 833 378 918 possint.
395 832 502 916 quibus
518 831 548 894 in
564 829 688 894 vicinam
705 834 799 893 terrae
815 848 886 892 suae
902 827 1030 892 insulam
1053 829 1205 894 traiiciant.
1236 830 1425 896 Manifestum

258 947 304 1000 est
320 936 409 1019 igitur
436 941 546 999 tantam
563 953 628 996 esse
644 933 881 1016 interutrosque
902 933 1117 1009 diversitatem,
1139 943 1248 1024 utnon
1262 937 1425 1018 reproben-

254 1041 368 1104 tlentlus
384 1039 438 1112 sit,
458 1039 483 1102 si
499 1038 564 1122 quis
580 1037 728 1100 lilauscmil
742 1037 920 1102 senteutiam
937 1037 1101 1120 improbet,
1117 1039 1168 1122 qui
1183 1039 1305 1103 Homeri
1321 1040 1424 1122 Cyclo·

252 1164 306 1228 pes
320 1165 356 1208 ex
373 1142 523 1208 llesiotleis
539 1141 623 1226 quasi
638 1141 765 1204 clilliclos
782 1151 811 1206 et
827 1142 1008 1206 tleiormatos
1023 1161 1088 1206 esse
1104 1141 1238 1220 solstiti).
1276 1145 1358 1209 lianc
1371 1163 1426 1210 nos

253 1249 308 1332 ipsi
319 1249 390 1313 olim
404 1247 646 1332 improbavimus,
659 1265 755 1329 neque
768 1265 847 1310 nuno
858 1247 944 1330 plane
955 1247 1081 1330 probare
1092 1265 1262 1332 possumus,
1275 1249 1342 1313 licet
1355 1269 1426 1332 cog·

254 1363 340 1418 natos
355 1352 577 1436 quodammodo
593 1362 737 1432 utrosque
754 1351 894 1434 Cyclopes
909 1369 1115 1434 agnoscamus.
1146 1351 1220 1416 Nam
1237 1370 1297 1416 non
1314 1354 1426 1417 llome·

253 1457 331 1523 ricos
351 1477 388 1522 ex
404 1456 558 1520 llesiocleis
573 1455 625 1518 secl
641 1465 783 1538 utrosque
798 1475 834 1518 es
850 1455 938 1519 tertio
953 1455 1083 1538 quoelem
1105 1473 1227 1536 genere,
1243 1475 1426 1542 quemquem

255 1560 370 1627 diversa
385 1561 516 1634 ratione,
532 1559 675 1642 originem
692 1559 814 1622 traxisse
830 1558 1004 1622 iudicamus.
1035 1559 1137 1644 Neque
1153 1559 1337 1637 dubitamus,
1354 1562 1427 1645 quin

254 1667 298 1730 sic
311 1666 400 1729 etiam
416 1672 484 1728 ante
499 1681 553 1728 nos
568 1663 616 1727 alii
632 1663 840 1738 iudicaverinte
863 1661 914 1725 secl
936 1681 1029 1743 quum
1045 1681 1109 1727 rem
1124 1684 1141 1728 a
1156 1665 1238 1728 nullo
1253 1665 1324 1729 satis
1340 1668 1428 1749 plane
1484 1695 1486 1703 ·

253 1769 417 1854 expositam
441 1767 680 1842 meminerimus,
702 1785 764 1830 non
779 1785 888 1850 paucos
908 1779 1007 1831 nutem
1028 1767 1113 1832 aliter
1130 1771 1241 1834 sentire
1263 1770 1426 1850 vitleamue,

253 1873 308 1939 bac
323 1891 403 1938 nuno
416 1871 506 1936 nobie
523 1871 660 1956 imposita
680 1871 883 1954 prooemiamli
904 1870 1081 1936 necessitate
1101 1871 1145 1936 sic
1165 1871 1286 1956 ‹lelunqi
1306 1873 1426 1958 placuit,

215 2007 218 2014 ¹
254 1987 288 2044 ιιι
302 1977 398 2044 iudicii
413 1977 508 2041 nostri
523 1975 653 2040 rationes
668 1975 770 2060 paucis
787 1975 881 2040 verbis
896 1975 1120 2059 explicaremus.

339 2081 457 2146 Nemini
477 2081 611 2164 ignotum
633 2091 679 2142 est
698 2079 789 2142 luisse
810 2081 880 2143 olim
903 2080 933 2143 in
947 2079 1067 2144 Graecia
1088 2089 1119 2143 et
1142 2099 1297 2164 superesse
1318 2081 1427 2165 partim

255 2185 402 2268 hodieque
419 2184 548 2267 ingentia
564 2183 680 2248 moenia
695 2183 810 2265 alisque
824 2183 955 2247 aedilicia
970 2184 1186 2258 vetustissima,
1209 2203 1283 2266 quae
1299 2184 1428 2267 cyclopis

256 2287 351 2352 soceri
365 2287 473 2362 solent,
488 2305 549 2350 non
565 2287 628 2349 sine
643 2303 762 2348 summa
777 2285 973 2349 admiratione
989 2287 1033 2348 vel
1044 2303 1062 2348 a
1075 2287 1222 2348 veteribus
1233 2287 1428 2371 scriptoribus

255 2390 307 2472 qui
322 2407 427 2453 eorum
444 2389 626 2454 rnentlonem
643 2387 765 2461 iaciunt,
780 2389 825 2451 rel
840 2407 856 2451 a
869 2387 1094 2462 recentioribus,
1110 2387 1161 2470 qni
1173 2387 1312 2470 reliquias
1325 2407 1428 2452 eorum

255 2491 426 2567 visitarunt,
452 2499 695 2554 commemorata.
737 2489 924 2554 liuiusmotlo
944 2491 1090 2566 ectlilicia,
1112 2509 1204 2572 quum
1225 2491 1329 2554 ultima
1350 2491 1428 2555 anti·

255 2593 366 2679 quitete
386 2595 504 2660 condita
524 2605 626 2660 essent
645 2603 676 2658 et
696 2595 817 2679 quinam
840 2595 1008 2658 conditores
1034 2613 1139 2658 eorum
1163 2595 1288 2658 inissent
1310 2595 1428 2680 ignora·

255 2709 346 2774 retur,
362 2699 493 2784 lapidum
508 2711 625 2775 eutem,
642 2700 750 2784 quibus
765 2708 934 2764 constructa
949 2708 1035 2774 sunt,
1057 2708 1138 2764 tanta
1161 2701 1256 2764 moles
1278 2709 1371 2774 osset,
1395 2709 1430 2764 ut

255 2803 392 2867 humanis
413 2803 524 2867 viribus
545 2803 657 2868 moveri
678 2813 708 2867 et
723 2805 861 2888 componi
879 2805 960 2868 nullo
981 2805 1071 2868 modo
1092 2803 1226 2887 potuisse
1249 2803 1428 2880 viderentur,

255 2907 325 2971 binc
340 2906 520 2991 posteriores
537 2907 567 2970 in
582 2926 647 2970 eam
664 2907 834 2992 opinionem
850 2908 963 2972 inducti
977 2916 1056 2982 suot,
1072 2919 1103 2972 ut
1116 2907 1267 2972 fabulosos
1283 2907 1427 2991 quosdam

255 3011 421 3076 conditores
450 3010 750 3076 comminiscerentur
774 3011 884 3076 viribus
907 3012 974 3095 plns
1000 3030 1087 3094 quam
1115 3011 1254 3075 humanis
1280 3012 1429 3094 praeditos

255 3117 436 3200 omninoque
460 3134 551 3198 snpra
577 3116 741 3182 humanum
768 3117 892 3181 modum
918 3117 1064 3200 pollentes
1090 3125 1287 3198 potentesque
1313 3125 1344 3178 et
1373 3116 1429 3179 diis

255 3339 415 3411 obloquitnrt
437 3355 589 3410 quemqueen
610 3342 676 3410 qnod
700 3357 804 3395 verton
827 3339 896 3395 illurn
918 3357 933 3393 e
950 3339 1055 3394 Cretete
1071 3339 1223 3410 eimpliciter
1239 3341 1346 3394 citetnoe
1365 3342 1429 3404 vult,

257 3426 358 3482 ecilicet
374 3428 536 3498 conpereedi
553 3429 651 3494 gretie,
669 3429 712 3482 eix
730 3430 834 3496 proberl
852 3436 945 3498 potest.
970 3427 1044 3483 bloet
1064 3429 1131 3482 enixu
1149 3429 1254 3481 verbnm
1269 3433 1427 3500 uepmtae·

256 3520 328 3568 oben
339 3517 371 3569 ele
387 3517 496 3571 clteedie
512 3517 667 3588 einpliciter
678 3516 744 3570 locie
757 3534 805 3569 eon
822 3533 882 3572 rere
894 3525 1041 3587 usurpetur,
1053 3517 1078 3570 tt
1088 3516 1155 3586 quoi
1168 3517 1298 3585 eliquanto
1310 3516 1425 3586 pluribne

255 3619 328 3673 qnern
344 3619 408 3674 qnee
423 3621 439 3657 e
458 3603 492 3658 lt.
509 3603 650 3658 ellernetnr
666 3602 791 3672 exemplis
807 3605 979 3658 demonstrerl
996 3601 1072 3658 lecile
1088 3591 1188 3672 potest,
1204 3606 1253 3656 boc
1271 3612 1356 3656 tenen
1368 3601 1425 3657 loce

256 3691 337 3743 serbe
349 3686 412 3744 cirri
426 3687 528 3746 τούτου
540 3695 728 3760 παρατίθεται
742 3692 886 3758 αἰςαίιαιια
898 3693 1028 3758 videntur,
1040 3691 1170 3744 Cretetcen
1181 3692 1248 3744 bone
1261 3707 1364 3744 versun
1377 3707 1425 3744 noe

256 3776 338 3830 eeleee
356 3777 465 3843 citeeee,
480 3779 525 3830 eei
542 3778 619 3830 etiexe
635 3794 681 3845 pro
699 3776 743 3831 iile
763 3779 848 3832 eltsre
860 3779 1030 3848 recipiendum
1043 3779 1164 3832 eueeieec.
1190 3775 1285 3847 Nempe
1297 3777 1427 3831 dennevit

256 3863 323 3918 nese
338 3872 487 3934 prepterea,
504 3865 570 3932 qootl
583 3880 640 3918 eeen
653 3880 768 3933 posuere
780 3865 906 3920 loelieeret
917 3883 973 3922 cun
987 3865 1123 3932 lleelodee,
1139 3872 1169 3918 at
1180 3865 1282 3932 quiden
1294 3865 1343 3934 ipei
1355 3865 1429 3916 vide·

258 3950 343 4015 betete,
356 3951 505 4004 eerretlene
516 3951 548 4004 ele
561 3949 704 4004 interiectis
714 3951 746 4003 eb
756 3932 874 4020 Apolline
884 3952 1047 4023 Cyclopibue,
1060 3953 1084 4005 ltl
1095 3953 1160 4022 quot
1170 3951 1323 4004 ecbolieetee
1333 3947 1429 4002 reletl⁰

257 4033 418 4089 neeiieetene
431 4034 500 4089 iecit.
526 4036 565 4088 Ar
578 4035 724 4089 eoleenelene
737 4030 863 4106 «inopine
875 4039 938 4090 eetie
951 4035 1008 4092 orei
1019 4039 1116 4102 eiicere,
1129 4032 1172 4089 ὅτι
1185 4034 1254 4088 κατὰ
1267 4029 1371 4093 seillac
1382 4035 1431 4087 eet

256 4121 382 4190 petrense
399 4125 478 4178 ceole
493 4117 649 4191 e'eeeltyeeee
666 4113 738 4186 ἦσαν
752 4123 778 4175 b.
793 4137 816 4175 e.
835 4123 985 4191 theogoniae
1003 4127 1082 4179 verbe
1095 4141 1144 4178 nee
1156 4121 1231 4176 elien
1243 4137 1318 4190 queen
1330 4120 1428 4176 lernae

259 4219 290 4258 ee
305 4206 399 4276 epeeiel
415 4206 606 4260 einilitntlieeen
624 4207 747 4261 ieelieerec
765 4215 879 4261 ceternee
896 4207 1017 4262 nortalee
1034 4211 1151 4278 eteieqne
1163 4210 1311 4277 pereetlbee
1325 4209 1430 4262 innor-

258 4293 354 4347 telibee
366 4293 481 4364 progigni
495 4309 570 4362 poeee
582 4295 657 4346 etieee
670 4291 809 4365 Gerpoeie,
821 4293 986 4366 Cbrpeeorie,
1000 4295 1119 4351 lieleeee
1131 4295 1256 4366 exemplis
1265 4296 1297 4351 eb
1310 4297 1366 4364 ipse
1380 4295 1432 4348 lle·

259 4379 333 4434 elele
346 4381 371 4433 ie
382 4379 517 4449 tbeepeeie
530 4379 733 4434 commoneretis
747 4395 879 4451 epperere.

329 4466 357 4533 b)
373 4465 431 4522 vic
444 4467 491 4522 ilie
502 4467 649 4523 Abeeteeer
660 4467 705 4522 tlee
718 4467 766 4521 tlt.
778 4483 825 4522 eee
838 4467 965 4524 lleeletlee
976 4471 1086 4526 erbib'rt
1109 4473 1186 4527 bone.
1201 4471 1276 4526 test.
1288 4489 1313 4544 p.
1324 4470 1399 4542 ieqq.
