3182 4962
284 1361 599 1476 Qttttsttot’tttt
632 1361 1032 1458 Gttuutttctttttll
1065 1363 1334 1459 lllnltlttlll.

232 1599 461 1684 Grammaticam
481 1632 543 1678 non
563 1613 714 1682 immerito
735 1613 933 1690 Quintilianus
953 1613 1020 1698 plus
1041 1612 1150 1680 babere
1169 1614 1212 1679 ait
1234 1614 1264 1677 in
1279 1633 1398 1680 recessu

232 1737 320 1803 quam
339 1717 438 1784 lronte
458 1719 627 1801 promittat,
646 1739 712 1784 eam
735 1737 842 1802 nempe
862 1717 1099 1798 grammaticam,
1126 1737 1202 1802 quae
1217 1736 1278 1782 non
1294 1719 1324 1782 in
1340 1719 1397 1782 lin·

231 1842 355 1907 guarum
371 1823 468 1886 solutu
484 1824 653 1906 cognitione
668 1823 819 1897 consistat,
835 1821 886 1885 sed
902 1819 1082 1903 scriptorum
1099 1823 1186 1885 ctiam
1204 1833 1336 1885 veterum
1353 1823 1398 1887 rel

232 1937 386 2011 poetarum
402 1927 446 1989 vel
462 1927 658 2009 pedestrium,
679 1946 783 1991 eorum
800 1925 919 2008 quidem
935 1937 1024 1999 certe,
1047 1928 1097 2008 qui
1112 1927 1148 1990 ad
1164 1927 1312 1990 liberalem
1328 1945 1398 1991 eru-

233 2031 374 2094 ditionem
396 2029 558 2112 pertinent,
579 2033 687 2095 iustam
708 2030 927 2095 enarrationem
949 2029 1003 2092 sibi
1019 2035 1127 2093 sumat.
1159 2030 1274 2112 Quippe
1289 2030 1398 2094 iustam

232 2153 298 2198 csse
313 2133 530 2196 enarrationem
547 2151 607 2197 non
623 2153 710 2217 posse
725 2143 847 2216 apparet
862 2134 972 2216 absque
988 2135 1082 2196 variae
1097 2151 1132 2195 sc
1147 2133 1314 2214 multiplicis
1326 2133 1399 2198 doc·

232 2236 327 2300 triuae
347 2247 503 2318 apparatur
524 2247 613 2317 atque
634 2239 691 2300 boc
710 2249 756 2300 est
769 2235 839 2300 illud
857 2235 956 2317 plus,
978 2237 1057 2318 quod
1073 2237 1103 2299 in
1118 2253 1236 2300 recessu
1251 2255 1400 2318 gramma·

232 2337 322 2402 ticam
343 2339 451 2402 habere
467 2338 665 2413 Quintilianus
686 2339 765 2402 dicit.
795 2339 933 2401 Ceterum
955 2357 1028 2401 usus
1048 2337 1111 2400 eius
1126 2351 1284 2420 apparatus
1299 2355 1359 2401 non
1375 2338 1401 2401 is
1505 2388 1508 2394 ,
1567 2339 1569 2412 j

233 2442 323 2504 modo
342 2439 455 2503 censeri
475 2439 607 2513 debebit,
627 2450 661 2502 ut
676 2459 730 2522 pro
747 2440 946 2503 instrumento
962 2439 1001 2503 sit
1014 2441 1193 2522 scriptorum
1210 2439 1400 2512 enarrationi,

232 2543 283 2606 scd
297 2554 369 2606 sunt
383 2542 414 2605 in
428 2563 464 2606 eo
478 2545 567 2605 etiam
583 2561 658 2624 unae
672 2542 800 2624 amplius
815 2542 924 2624 aliquid
934 2541 1064 2606 eliciant
1073 2543 1264 2624 tenerumque
1274 2542 1401 2605 balneant

129 2673 132 2680 ·
234 2645 414 2710 uberiorem.
444 2648 539 2726 litque
554 2646 612 2710 hoc
626 2647 655 2708 in
671 2662 798 2707 numero
818 2645 890 2707 mibi
907 2649 950 2707 vel
967 2645 1122 2728 praecipua
1139 2665 1203 2708 esse
1220 2647 1336 2708 ridetur
1351 2666 1401 2709 ve·

234 2757 332 2811 terum
347 2765 447 2811 rerum
464 2748 647 2832 publicanum
663 2747 826 2812 accuratior
841 2747 960 2820 notitia,
981 2765 1056 2829 quae
1072 2766 1164 2829 quum
1182 2749 1285 2812 deesse
1300 2751 1403 2832 utique
1452 2787 1455 2792 .

235 2869 297 2915 nun
318 2851 422 2914 debeat
440 2849 632 2933 grammatico
652 2851 830 2932 scriptorum
851 2851 1029 2924 enarratori,
1056 2859 1121 2913 tum
1144 2851 1206 2912 iteri
1229 2853 1274 2915 vir
1294 2861 1401 2934 potest,

237 2955 308 3038 quin
323 2955 473 3018 lmctuosa
488 2954 576 3018 etiam
593 2953 629 3018 ad
646 2955 720 3017 ritae
736 2954 828 3038 ipsius
843 2953 989 3016 actionem
1006 2954 1169 3036 prudenter
1180 2955 1402 3030 moderandam,

236 3058 261 3121 si
282 3057 381 3121 minus
401 3059 431 3121 in
447 3057 599 3131 omnibus,
622 3057 651 3120 in
666 3057 795 3120 cordatis
811 3065 911 3120 tamen
926 3061 1005 3120 certe
1021 3057 1192 3119 hominibus
1208 3058 1319 3121 euadat.
1353 3059 1404 3122 Sic

238 3161 316 3226 enim
337 3179 384 3225 res
405 3179 437 3224 se
459 3161 562 3233 babet,
583 3170 616 3223 ut
636 3177 695 3224 noo
718 3161 810 3242 promit
830 3161 1085 3224 nonioveterum
1102 3161 1402 3242 rerumpublicarum

239 3264 487 3349 contemplatione
512 3263 671 3327 identidem
697 3263 815 3328 animus
834 3282 937 3327 eorum
960 3263 1048 3326 etiarn
1065 3263 1144 3337 eius,
1171 3262 1201 3326 in
1217 3283 1274 3345 qua
1289 3263 1344 3348 ipsi
1359 3265 1404 3328 ri-

238 3379 320 3444 rnnt,
336 3368 379 3431 rei
395 3367 526 3450 publicae
541 3367 704 3440 admoneri,
727 3386 881 3450 quumque
896 3375 947 3430 aut
962 3368 1064 3430 eadem
1081 3375 1132 3433 aut
1146 3365 1252 3430 similia
1267 3386 1356 3449 quam
1373 3367 1404 3430 in

238 3471 295 3536 illis
319 3472 448 3554 partium
468 3471 565 3534 studia
585 3482 674 3556 atque
696 3467 855 3536 certamina
877 3473 966 3534 etiam
988 3471 1017 3533 in
1038 3489 1090 3533 sua
1111 3471 1228 3535 civitate
1243 3472 1345 3553 agitari
1360 3473 1404 3535 ei-

239 3574 341 3646 daant.
362 3575 479 3639 illorum
498 3575 642 3658 exemplis
661 3575 772 3650 edocti,
795 3576 940 3658 quaesibi
956 3585 1055 3660 partes
1070 3576 1306 3658 amplectendae,
1329 3594 1404 3658 quaa

238 3690 319 3744 secta
333 3679 483 3761 sequenda
497 3680 536 3742 sit
549 3689 690 3742 statuant.
721 3679 784 3743 lloc
799 3679 887 3760 igitur
903 3680 939 3742 de
955 3699 1003 3742 me
1019 3697 1137 3761 quoque
1152 3680 1284 3762 prolatori
1296 3679 1403 3755 licebit,

239 3785 291 3868 qui
310 3793 426 3848 tanturn
447 3783 551 3848 saltem
574 3801 609 3846 er
630 3793 761 3847 veterum
783 3801 884 3848 rerum
900 3783 1083 3869 publicarum
1100 3781 1221 3847 historia
1237 3781 1311 3846 mibi
1327 3783 1404 3846 didi-

223 3885 313 3951 -cisse
327 3887 437 3960 uideor,
459 3885 596 3958 utillud,
617 3886 697 3968 quod
717 3887 804 3950 bodie
819 3885 939 3971 plurimi
954 3886 1143 3970 cupidissime
1158 3893 1301 3970 expetunt
1314 3905 1408 3968 genus

239 3989 281 4052 rei
297 3989 439 4072 publicae,
455 4007 516 4053 non
532 4009 708 4076 magnopere
725 3990 909 4075 probandum
925 4010 992 4054 esse
1009 3990 1177 4072 intelligam,
1203 4009 1353 4072 quemquo
1369 3989 1408 4052 illi

241 4110 429 4174 progressum
450 4092 486 4155 ad
508 4093 673 4157 libertatern
693 4093 843 4156 salubrem
864 4095 929 4158 lore
950 4094 1116 4166 clamitant,
1137 4113 1192 4176 ego
1207 4092 1408 4176 perniciosum

241 4195 340 4279 potius
359 4215 414 4260 nec
433 4195 469 4259 ad
492 4197 658 4261 libertatern
678 4198 729 4260 sed
745 4197 781 4260 ad
796 4199 979 4262 eversionem
994 4199 1037 4263 rei
1051 4197 1185 4284 publicae
1199 4207 1288 4279 atque
1304 4195 1409 4260 interi·

241 4307 307 4362 tum
327 4299 390 4364 lure
410 4299 598 4364 existumem.
616 4301 679 4364 ‘Sic
698 4319 748 4363 me
767 4303 877 4364 sentire
897 4321 988 4384 quum
1014 4302 1169 4386 aliquoties
1189 4301 1278 4365 ctiam
1294 4299 1409 4383 publicu

244 4401 396 4486 prolessus
422 4404 495 4480 sim,
519 4423 580 4468 non
600 4405 708 4470 mirum
731 4411 779 4470 est
800 4425 935 4488 magnam
957 4407 1026 4471 irinc
1044 4407 1122 4490 apud
1144 4407 1255 4470 multos
1270 4403 1409 4469 inuidiam

244 4503 317 4569 milri
342 4515 475 4571 exortam
495 4527 575 4584 esse,
601 4507 760 4591 inquibus
778 4509 901 4574 iuenrnt
921 4511 1009 4576 etiarn
1029 4513 1082 4596 qui
1096 4511 1168 4576 illud
1190 4509 1319 4576 maxime
1334 4506 1408 4572 mibi
