3186 4968
763 321 902 422 Q

254 499 351 587 οῖπος
379 505 440 592 γὰρ
467 498 551 592 ἁνήρ
572 495 659 594 -ή
685 500 818 592 μάλιστ’
847 501 1029 593 ῖκιῖμνομεν
1056 547 1096 560 -
1125 511 1225 600 λιμήν
1257 511 1424 604 πέφανται

254 615 328 690 τοῖς
348 605 443 693 ἐμοῖς
463 605 694 695 βουλεύμασιν.
713 648 756 662 -
772 607 891 698 Λόγον
912 623 1012 678 autem
1028 615 1057 679 b.
1075 615 1093 680 Ι.
1109 616 1146 682 de
1161 619 1284 684 oonsilio
1299 621 1426 687 Creusae

255 715 460 800 arripiendum
474 735 541 781 esee
553 704 821 798 patet'utinbled.
838 737 864 781 r.
881 717 959 782 588:
983 715 1090 796 καλεῖς
1113 713 1140 802 ρ)
1163 710 1203 784 dv
1220 711 1277 786 οὖν
1292 719 1333 787 od
1348 699 1427 809 τῷδ’

255 814 432 907 ῖπήρέτιις
452 815 551 906 λόγῳ.
596 821 758 887 Dillioultoa
780 830 880 886 autem
900 823 929 885 in
953 842 989 886 eo
1004 829 1132 900 οοοελει,
1159 826 1239 908 quod
1255 845 1310 890 nen
1325 827 1428 909 Apollo

256 926 295 990 de
309 944 352 998 re,
367 941 458 1007 quam
470 924 533 1008 ipse
548 925 670 990 relatam
687 925 827 1000 voluerit,
849 943 1060 1008 responsurus,
1080 945 1137 992 neo
1151 929 1188 992 de
1204 928 1349 993 ministris
1364 929 1428 994 eius

257 1029 416 1112 quisquam
432 1027 562 1091 diuinare
576 1047 704 1093 ausurus
718 1029 766 1093 sit
790 1029 914 1112 Quippe,
931 1029 1036 1112 inquit,
1054 1031 1079 1094 si
1094 1031 1124 1095 in
1136 1051 1191 1096 suo
1206 1031 1300 1116 ipsius
1315 1033 1428 1116 templo

257 1133 362 1218 Apollo
377 1131 600 1216 improbitatem
614 1151 699 1197 onam
715 1133 875 1198 revelatam
892 1134 1007 1208 viderit,
1023 1134 1151 1200 dubitari
1164 1155 1224 1201 noo
1240 1147 1339 1220 potest
1354 1138 1429 1221 quin

258 1236 410 1320 numqui
429 1235 601 1300 huiusmodi
621 1236 791 1301 vaticinium
814 1236 950 1316 ediderit,
966 1239 1093 1321 praviter
1107 1239 1224 1304 ulturos
1245 1241 1293 1306 ait
1337 1241 1430 1323 lpitur

259 1340 368 1406 desiste
382 1341 419 1405 de
433 1339 555 1404 oonsilio
570 1347 637 1403 tuo:
1159 1324 1161 1328 ’

665 1431 896 1522 ἀπαλλάσσου,
919 1437 1024 1526 μεῖναι·

483 1544 533 1630 τῷ
555 1540 616 1627 μὰρ
639 1545 714 1630 θεῷ
735 1535 880 1611 τάναντί’
900 1538 940 1610 ου’
961 1543 1167 1628 μαντευτέον.

263 1650 296 1715 ln
311 1649 356 1716 bio
371 1647 500 1712 datum
515 1648 565 1734 opi
588 1644 662 1732 θεῷ
684 1666 778 1712 nono
799 1644 995 1731 μαντευτέον
1015 1652 1100 1716 seda
1123 1642 1280 1717 adversio
1303 1653 1432 1736 pendere

262 1754 310 1819 rix
324 1771 401 1836 opus
415 1761 463 1816 est
477 1752 583 1817 dinero.
628 1753 706 1815 Sunt
720 1761 820 1816 autem
836 1745 991 1818 τάναντία
1012 1751 1061 1840 τῷ
1085 1751 1156 1840 θεῷ
1170 1773 1232 1818 non
1250 1755 1341 1820 modo
1356 1775 1431 1838 quae

263 1857 419 1932 voluntati,
441 1857 494 1920 sed
514 1856 604 1918 etiam
625 1871 702 1937 quae
722 1857 856 1938 dignitati
875 1867 964 1939 atque
985 1857 1092 1922 honori
1107 1857 1170 1922 eius
1185 1859 1331 1923 contraria
1345 1867 1432 1936 sunt;

263 1955 461 2043 μαντευτέον
474 1968 584 2032 autem,
600 1959 680 2040 quod
696 1958 740 2020 rol
755 1958 792 2022 do
807 1960 921 2024 edendo
938 1960 981 2023 rel
996 1961 1033 2024 de
1048 1961 1231 2026 consulendo
1246 1962 1366 2026 oraculo
1386 1961 1432 2024 di·

264 2065 350 2138 eitur,
365 2073 400 2127 ut
413 2061 534 2126 verbum
550 2055 790 2141 μαντεύεσθαι,
806 2061 863 2126 boo
876 2063 997 2145 quidem
1014 2065 1080 2127 looo
1095 2064 1265 2145 ambiguam
1286 2063 1433 2146 signilioa·
1473 2119 1476 2125 ,

265 2167 378 2232 λίσσεαι
393 2165 492 2239 babet,
507 2182 602 2248 quum
617 2181 678 2227 non
692 2163 791 2228 solum
807 2166 843 2229 de
860 2167 911 2240 iis,
939 2168 989 2248 qui
1012 2185 1154 2249 responsa
1171 2174 1282 2247 petant,
1304 2168 1434 2231 sednon

265 2269 365 2333 minus
379 2269 468 2332 etiam
484 2268 520 2330 de
539 2266 590 2340 iis,
617 2265 668 2347 qui
687 2283 831 2347 responsa
857 2267 958 2340 edunt,
988 2266 1192 2349 accipiendum
1217 2267 1265 2330 sit.
1321 2267 1434 2352 Nempe
1467 2273 1468 2278 ’

265 2371 386 2435 meunt
399 2369 451 2452 qui
465 2379 517 2433 aut
532 2367 780 2432 incantationibus
794 2377 845 2432 aut
856 2369 918 2433 aliis
929 2369 1106 2451 quibusdam
1119 2369 1249 2432 artissoiis
1260 2371 1333 2433 deos
1343 2371 1432 2434 etiam

265 2472 372 2542 inritos
385 2472 451 2553 εοςῖ
473 2491 561 2553 porse
580 2469 789 2553 opinarentur,
811 2479 845 2534 ut
865 2489 913 2535 res
932 2473 1062 2537 oooultas
1080 2471 1254 2535 bominibus
1275 2473 1434 2556 aperirent,

266 2594 354 2658 quam
369 2574 552 2660 opinionem,
568 2573 781 2656 posterioribus
797 2573 981 2658 temporibus
996 2583 1192 2656 prorsapatam,
1214 2574 1303 2638 enam
1318 2574 1435 2658 Euripi·

266 2678 312 2743 dir
326 2684 422 2742 aetate
438 2695 499 2742 non
513 2677 643 2741 doluisse
658 2675 804 2740 ridemus.
849 2676 893 2740 Cl.
918 2677 1074 2759 Antiquitt.
1097 2695 1140 2758 gr.
1156 2677 1192 2751 ll,
1208 2697 1237 2760 p.
1254 2675 1327 2742 ³32.
1371 2677 1436 2742 lluo

266 2781 345 2844 enim
361 2779 510 2865 pertinent
525 2799 601 2864 quae
616 2787 784 2862 sequuntur
797 2799 824 2842 ν.
840 2778 918 2842 38³:
1062 2852 1067 2860 ,

470 2873 518 2958 εἷς
540 2877 602 2966 γὰρ
623 2882 783 2946 τοσοῦτον
805 2872 958 2963 ἀμαθίας
980 2873 1140 2962 ἔλθοιμεν
1163 2871 1212 2956 ι’ῖν,

472 2976 501 3046 ei
522 2980 600 3061 τοῖς
621 2979 725 3060 θεοῖς
748 2973 888 3060 ἄκοντας
909 2974 1135 3066 ἐκπονήσομεν

470 3081 610 3172 φράζειν
632 3073 654 3150 il
676 3081 721 3170 μή
745 3079 906 3150 θέλουσιν
928 3075 949 3170 ip*
969 3078 1186 3170 προβωμίοις

471 3187 636 3276 σφαγαῖσι
657 3183 770 3274 μήλων
791 3177 813 3274 ἢ
835 3180 869 3251 di
892 3177 1016 3252 οἰωνῶν
1037 3188 1182 3265 πτεροῖς.

271 3295 313 3360 llo
327 3293 546 3359 construetione
559 3309 620 3356 non
633 3309 884 3375 supervacaneum
896 3289 985 3354 luerit
997 3309 1119 3354 monere
1130 3283 1357 3375 ἐκπονήσομεν
1368 3310 1435 3354 eum

23 3481 32 3490 .
272 3396 352 3462 nudo
367 3395 532 3461 aooumtivo
556 3390 633 3471 τούς
655 3389 758 3472 θεούς
777 3393 911 3459 construi
931 3392 1012 3456 nulio
1033 3394 1123 3456 modo
1145 3395 1286 3476 potuisse,
1301 3393 1354 3457 sed
1370 3403 1437 3458 tan·

272 3511 337 3566 tons
352 3519 421 3565 oum
442 3497 586 3564 intinitlro
607 3492 759 3583 φράζειν,
789 3507 823 3562 ut
840 3496 1024 3560 aecusativus
1044 3495 1090 3559 ille
1112 3515 1165 3578 pro
1185 3496 1318 3561 subiecto
1339 3496 1437 3578 potiur

272 3602 406 3669 infinitivi
420 3619 511 3684 quam
526 3619 581 3684 pro
596 3600 712 3664 obieoto
728 3598 807 3664 verbi
823 3593 1048 3682 ἐκπονήσομεν
1062 3598 1164 3662 baberi
1178 3599 1293 3663 debeat.
1328 3599 1436 3662 lleinde

273 3698 325 3770 dr’
348 3696 474 3770 οῖωνιῖν
495 3703 677 3786 πτεροῖς,
699 3701 725 3764 si
739 3700 812 3765 sino
832 3709 918 3784 poeta
933 3700 1077 3783 seriptum
1094 3700 1255 3772 oredimus,
1278 3699 1438 3792 annaliter

271 3808 409 3891 explicari
428 3815 543 3891 potest,
562 3805 620 3870 nisi
640 3814 675 3869 ut
693 3804 823 3868 dativum
843 3805 977 3886 πτεροῖς
997 3815 1139 3886 tanquam
1161 3820 1215 3884 pro
1231 3811 1436 3884 epexegemate

271 3909 403 3976 additum
418 3909 638 3974 eradicamus.
654 3907 808 3990 liispliooit
818 3905 875 3970 boo
886 3925 947 3970 nou
960 3907 1065 3972 iniuria
1078 3906 1212 3980 lleutbio,
1224 3905 1275 3987 qui
1290 3904 1436 3985 πτεροῖν,

271 4021 303 4076 et
317 4012 451 4086 lloiakio,
472 4012 524 4096 qui
538 4013 637 4094 paullo
656 4009 795 4074 audacius
813 4003 927 4092 μήλων
948 4009 1094 4096 σφαγαῖς
1115 4001 1145 4094 ή,
1168 4003 1204 4092 νή
1222 3997 1288 4080 Δι’,
1310 3997 1437 4069 οῖωνοῖν

273 4113 407 4196 πτεροῖς
427 4113 516 4178 scribi
530 4111 630 4176 voluit
664 4111 809 4193 Equidem
824 4127 881 4174 neo
894 4111 1009 4175 dualem
1026 4113 1130 4195 probo,
1146 4130 1200 4193 pro
1215 4127 1276 4193 quo
1291 4107 1434 4191 pluralem

206 4255 209 4260 -
272 4214 403 4295 πτερῶν
416 4214 549 4300 positura
563 4213 691 4290 mallem,
712 4232 768 4279 neo
788 4213 1051 4299 transpositionem
1066 4212 1252 4278 lteialionam
1275 4208 1433 4291 interposi·

271 4327 393 4399 lantque
407 4317 651 4394 obtestationem
666 4337 727 4384 nnn
743 4317 836 4402 magio
851 4324 950 4381 tanum
966 4317 1035 4380 illud
1051 4333 1226 4400 epexepema
1237 4316 1273 4378 ab
1287 4311 1434 4396 Euripidis
1458 4353 1460 4360 ι
