3166 4962
154 600 1166 684 ronisloco,quempaulloanteadscripsimus:„Fabaquident
1184 601 1323 685 Pytha·
1440 662 1447 670 .

154 705 263 788 qorei
289 705 416 790 utique
434 704 739 777 abstinuerunt“‚
765 704 880 769 etiamsi
901 705 967 788 quis
986 705 1064 768 iorte
1079 705 1135 768 sibi
1154 705 1326 788 persuaderi

156 809 447 892 patiaturbocessc:
463 809 682 884 ,.tat›a-et
697 807 952 892 quantopere!
967 843 1009 856 -
1024 808 1325 886 abstinuerunt“;

155 913 225 976 illud
246 913 350 976 saltem
373 923 434 987 „et
455 911 504 974 ita
525 911 675 994 quidem
695 922 736 976 ut
761 919 937 996 oportet“
964 913 1045 975 nullo
1067 913 1159 975 modo
1173 913 1325 978 subaudiri

154 1037 242 1102 posse
256 1027 387 1103 apparet.
422 1016 598 1080 bicarnusne.
615 1017 704 1098 igitur
718 1018 843 1080 fortasse
859 1015 1039 1079 Lacltroanni
1055 1015 1132 1080 banc
1145 1019 1323 1081 sententiam

154 1120 261 1197 luisse,
285 1133 318 1184 ut
339 1122 396 1184 vim
417 1119 550 1184 vocabuli
571 1121 701 1203 utique.
723 1120 811 1183 talem
828 1139 892 1183 esse
908 1121 1010 1194 vellet,
1034 1140 1092 1203 qua
1113 1121 1326 1186 atlntoneretur

154 1225 272 1288 auditor
287 1225 408 1289 verbum
425 1224 511 1298 illud,
533 1243 594 1307 quo
609 1224 781 1298 adverbium
797 1224 852 1287 uti
868 1223 1046 1306 pertineret,
1065 1223 1109 1288 sic
1123 1225 1324 1307 accipiendum

155 1347 230 1404 esse,
246 1337 280 1392 ut
294 1329 367 1392 nibil
383 1329 419 1392 de
434 1329 498 1391 eius
514 1327 592 1391 verbi
605 1347 671 1392 vera
687 1347 722 1393 ac
737 1329 813 1392 iusta
827 1328 1040 1410 significatione
1056 1327 1258 1392 detraheretur
1271 1328 1323 1392 sed

156 1441 188 1495 ut
203 1432 288 1517 plane
304 1441 337 1495 ut
350 1443 469 1495 sonaret
483 1429 522 1494 ita
537 1431 625 1495 etiam
642 1433 861 1514 intelligeretur,
882 1441 970 1514 atque
986 1431 1043 1494 boc
1057 1430 1178 1496 indicari
1194 1433 1242 1496 illo
1258 1437 1324 1508 „ul

155 1533 355 1618 oportet?“
383 1535 479 1598 llinus
493 1544 574 1598 certe
590 1537 647 1598 boc
662 1535 823 1600 absurdum
841 1536 927 1608 iuret,
947 1541 1078 1597 attamen
1093 1546 1123 1598 et
1137 1537 1276 1611 alienum,
1290 1545 1325 1600 ut

154 1639 290 1711 arbitror,
306 1659 322 1702 a
339 1637 518 1702 Lacbutanni
535 1649 644 1713 mente,
661 1658 716 1702 nec
731 1641 827 1722 ipsunt
844 1657 897 1721 per
907 1659 939 1702 se
952 1639 1111 1722 probabile.
1133 1641 1209 1714 Quid
1222 1651 1320 1704 autent

27 1801 28 1812 ,
154 1753 234 1814 erat.
255 1760 308 1807 cur
323 1743 367 1805 vir
381 1759 441 1804 non
456 1743 553 1805 solum
570 1741 704 1806 doctrina
719 1744 771 1806 sed
787 1743 892 1816 eliam,
913 1741 992 1824 quod
1009 1741 1101 1824 pluris
1115 1743 1255 1818 aestimo,
1275 1744 1320 1806 itt·
1456 1801 1466 1810 .
1540 1739 1542 1749 '

27 1885 28 1888 =
153 1845 239 1930 genio
255 1864 395 1908 summus
409 1845 445 1906 ad
459 1843 545 1907 istam
562 1845 717 1909 mirilicam
737 1855 775 1921 et,
798 1847 1052 1930 quemadmodum
1075 1846 1138 1928 ipsc
1156 1849 1322 1929 profitetur,

154 1949 313 2013 iocularcm
329 1947 443 2030 ellipsin
458 1947 644 2029 confugeret,
668 1951 803 2030 quamvis
818 1951 1048 2034 baudquaquam
1064 1949 1229 2032 ignoraret,
1256 1970 1323 2033 que

154 2071 184 2116 ru
201 2051 335 2135 plurimis
350 2048 523 2136 compositis·
539 2050 621 2112 nullo
644 2054 735 2116 modo
761 2054 960 2136 copulativam
983 2049 1073 2117 essai
1100 2053 1225 2128 Quidni,
1249 2055 1324 2119 sieut

155 2155 372 2240 quandoque
396 2171 609 2236 nonnunquam
634 2156 753 2236 quidem
777 2156 796 2220 i.
818 2177 847 2240 q.
867 2166 905 2221 et
925 2157 1070 2240 quando
1091 2177 1169 2232 esse,
1184 2175 1325 2222 nonraro

27 2265 28 2280 ¹
154 2268 252 2322 autem
274 2258 455 2322 indefinitam
479 2258 723 2340 significationem
748 2259 855 2323 babere
876 2262 1008 2336 videbat,
1031 2279 1087 2323 nec
1105 2261 1191 2326 aliter
1208 2282 1241 2327 se
1261 2282 1322 2327 rem

154 2363 263 2427 tatere
284 2363 314 2426 in
334 2362 484 2445 quiquo,
506 2381 695 2446 quemque
717 2373 892 2447 uterquc,
912 2366 1023 2448 quidni,
1045 2365 1177 2449 inquam,
1193 2367 1281 2432 etiam
1296 2367 1325 2432 in

159 2467 286 2550 utiquc
313 2483 373 2530 non
399 2484 489 2529 unani
510 2485 630 2549 semper
648 2467 806 2550 particulae
826 2469 884 2533 vim
904 2491 970 2534 esse
991 2469 1148 2548 statuebat,
1168 2472 1221 2534 sed
1236 2471 1323 2535 modo

159 2571 354 2652 copulativam
382 2571 473 2632 modo
498 2577 598 2632 autem
627 2571 731 2646 talem,
758 2571 853 2652 qualis
879 2583 926 2636 est
951 2573 981 2637 in
1004 2574 1109 2638 ceteris
1131 2571 1324 2658 compositis?

158 2672 304 2736 Nimirum
321 2673 380 2736 boc
393 2673 421 2736 ci
434 2671 531 2736 lraudi
546 2673 617 2746 luit,
643 2673 723 2754 quod
745 2674 874 2738 adverbii
895 2675 938 2738 sic
953 2677 1085 2758 usurpati
1100 2679 1234 2758 exempla
1249 2677 1324 2760 apud

158 2785 274 2839 veteres
295 2775 455 2858 scriptores
481 2785 549 2838 ante
569 2775 718 2839 Ciceronis
744 2785 871 2840 aetatem
894 2779 1093 2854 desiderabat,
1119 2796 1176 2843 nco
1194 2799 1324 2862 unquam

158 2879 243 2943 aliter
261 2879 392 2962 utiquo
414 2879 526 2942 dictum
541 2879 690 2954 credebat,
705 2899 795 2963 quam
811 2889 845 2944 ut
864 2891 943 2945 esset
965 2882 984 2945 i.
1004 2899 1034 2964 q.
1058 2890 1095 2945 et
1120 2882 1186 2946 ttti.
1224 2883 1270 2947 stt
1288 2883 1326 2948 ita

159 3001 244 3060 soom
267 2983 318 3047 sed
340 2989 440 3048 tamen
461 2982 532 3066 quid
547 2983 617 3048 binc
631 2993 831 3068 consequatur
844 2985 881 3048 ad
897 2985 1012 3071 ellipsin
1027 2986 1114 3050 istam
1129 2987 1328 3074 comproban-

158 3087 242 3164 dam,
272 3107 333 3152 non
359 3087 514 3174 perspicio.
551 3088 656 3153 Nonne
682 3090 775 3154 satius
801 3099 864 3154 eret
886 3089 998 3164 dicero,
1023 3091 1154 3174 utiquc
1179 3093 1328 3158 Ciceronis

158 3193 280 3256 demum
295 3201 391 3256 aetate
411 3192 455 3256 sic
475 3191 612 3275 usurpari
633 3203 773 3277 coeptum
794 3213 874 3269 esse,
900 3205 934 3258 ut
959 3213 1030 3278 que
1055 3213 1117 3258 non
1143 3215 1198 3281 pro
1223 3197 1328 3281 copula
1421 3247 1423 3252 -

160 3295 279 3370 valeret,
294 3297 449 3360 sedaliam
465 3297 614 3379 quandam
630 3296 689 3361 vim
705 3295 849 3362 baberet?
875 3297 949 3361 Nam
970 3297 999 3362 id
1015 3299 1149 3383 proiecto
1164 3318 1221 3366 nec
1234 3301 1330 3366 tsch-

159 3417 289 3462 mannus
309 3399 535 3482 necquicquam
550 3401 685 3475 credidit,
700 3402 790 3465 etiam
806 3401 961 3485 quique,
975 3403 1200 3488 quandoque
1214 3406 1330 3490 aliaque

159 3519 249 3566 sensu
268 3501 420 3566 indotinito
441 3503 498 3568 dici
519 3511 624 3586 coepta
644 3523 709 3568 esse
730 3523 784 3588 per
804 3505 953 3589 quandam
975 3507 1091 3590 ellipsin
1111 3509 1214 3573 nescio
1229 3529 1329 3593 quam.

159 3609 296 3673 &terum
317 3623 355 3672 ne
376 3607 446 3672 illud
468 3607 606 3692 quidem,
629 3609 709 3693 quod
730 3617 798 3674 ante
814 3609 965 3676 Ciceronis
985 3621 1113 3676 aetatem
1134 3611 1266 3698 utique
1286 3615 1347 3682 sic⁴

162 3721 339 3800 usurpatum
354 3733 419 3778 esso
435 3713 560 3796 negavit,
575 3713 648 3780 satis
664 3712 849 3780 considerato
864 3715 977 3781 dictum
993 3736 1059 3780 esse
1074 3716 1213 3782 arbitror.
1244 3718 1330 3784 Cice·

158 3817 224 3883 roni
239 3817 359 3902 quidem
375 3819 431 3904 ipsi
446 3819 527 3884 bunc
541 3839 629 3884 usum
645 3837 706 3884 non
721 3819 851 3885 alionum
868 3819 962 3886 risum
977 3843 1043 3887 essa
1058 3843 1075 3887 a
1091 3821 1239 3906 Scipionis
1250 3823 1330 3888 ttri-

81 3962 83 3968 .
158 3921 224 3986 cani
238 3930 333 3987 aetate
347 3923 532 3992 demonstrat
547 3924 629 3988 locus
644 3923 680 3988 de
695 3943 728 3989 re
744 3923 859 4008 publica
871 3925 904 4000 ll,
918 3925 949 4001 ³,
965 3927 1001 3990 5:
1017 3927 1168 4002 „tontes
1183 3929 1330 4011 quidem

158 4043 280 4089 earum
297 4027 420 4109 (legum)
436 4027 564 4110 utique
579 4027 834 4113 perspexerit,
850 4029 913 4093 sed
928 4049 967 4093 se
980 4031 1331 4113 responsitandoet

158 4129 369 4195 lectitando
385 4131 1030 4216 etscriptitandonsimpetliatetc.“
1057 4134 1196 4216 qnoloco
1207 4145 1330 4218 apparet

158 4232 290 4318 utique
311 4249 373 4297 nou
392 4233 450 4298 alio
470 4252 562 4299 sensu
582 4233 695 4300 dictum
710 4255 778 4300 esse
792 4246 882 4320 atque
896 4255 924 4300 e.
940 4255 966 4300 c.
982 4235 1059 4320 apud
1074 4236 1291 4312 Quintilianum
1307 4239 1330 4315 Ι,

159 4339 190 4412 5,
206 4335 265 4400 tt:
281 4337 769 4412 ..ostentaminomnivoce
784 4339 914 4423 utique
929 4350 1050 4416 acuta,
1065 4341 1124 4404 sed
1139 4357 1331 4424 nunquam

156 4439 237 4523 plus
248 4443 347 4506 που*
376 4439 438 4505 ileo
450 4440 535 4506 deest
547 4441 719 4526 exemplum
734 4439 871 4506 eCatone
884 4441 937 4507 illo
948 4443 1089 4508 Censorio
1104 4443 1184 4528 apud
1196 4443 1329 4511 l'estttnt
