3186 4958
254 557 393 623 Videmus
413 558 502 642 igitur
516 559 546 622 iu
561 555 705 622 adverbiis
721 555 777 618 tria
793 571 898 616 rosum
913 570 1019 636 genera
1035 572 1051 614 a
1066 551 1267 634 grammaticis
1281 569 1341 616 uu·

170 669 284 724 merula
308 661 469 724 admodum
495 661 573 724 inter
597 679 629 723 ee
652 659 776 730 diversa,
802 675 909 726 unum,
935 655 1014 736 qnod
1035 656 1071 716 nd
1086 656 1234 718 actionem
1250 655 1340 717 serbo

170 761 338 837 indicatam,
358 763 495 837 alterum,
517 763 596 843 quod
610 762 647 826 ad
664 760 865 824 medalitatem
881 758 1102 827 enuntiationis,
1118 758 1239 820 tertium
1255 757 1342 820 deni·
1387 751 1391 758 ’

171 885 237 949 qne,
252 867 331 948 qued
347 874 453 928 neutro
470 865 624 948 pertineat,
646 863 698 925 sed
715 862 788 924 uilril
803 862 860 924 nisi
875 864 1012 923 adortum
1029 861 1175 940 quorrdam
1193 861 1341 942 loquentis

171 969 287 1053 prodat.
323 969 403 1032 llaee
428 969 542 1050 iarreqo
567 967 599 1030 iu
625 984 767 1049 quasnam
790 981 879 1046 porro
901 963 1014 1046 species
1030 962 1195 1034 distrilmta,
1219 971 1250 1026 et
1265 983 1340 1044 quae
1384 995 1386 999 Δ

172 1072 338 1156 quibusque
365 1071 484 1135 nomina
504 1078 627 1154 propter
640 1069 882 1150 significationem
904 1065 995 1130 indite
1010 1065 1079 1139 siut,
1105 1085 1340 1130 rtrrtmremurare

173 1176 294 1260 longum
316 1195 413 1260 neque
429 1174 626 1240 necessarium
642 1177 698 1246 est,
719 1191 810 1254 quum
834 1171 1005 1258 praemortuis
1021 1189 1080 1234 mm
1096 1171 1220 1236 earrdem
1236 1189 1340 1236 orienes

173 1282 316 1346 rationem
335 1280 364 1344 in
383 1280 436 1344 bae
454 1279 659 1343 distributione
676 1289 707 1341 et
727 1279 948 1342 tterureuelutum
965 1277 1058 1340 sonuli
1071 1275 1131 1340 sint
1142 1279 1201 1350 ²³).
1227 1276 1267 1340 lle
1280 1295 1339 1340 uno

174 1391 290 1448 tantum
311 1383 432 1448 noritine
454 1383 562 1468 passim
578 1403 594 1448 a
609 1382 806 1466 grutmnatieis
828 1387 980 1464 usurqmto,
1002 1379 1053 1443 sed
1069 1379 1152 1443 euius
1167 1397 1266 1443 serram
1281 1381 1339 1446 rim

174 1509 208 1554 ac
221 1488 462 1570 significationem
485 1508 500 1550 a
518 1487 666 1570 plerisque
687 1487 849 1568 ignoratum
865 1506 929 1549 esse
944 1495 1075 1567 apparet,
1091 1503 1197 1566 operae
1213 1485 1339 1566 pretium

173 1601 220 1656 est
244 1609 395 1673 quaerere.
431 1591 627 1654 Nemiuautur
651 1591 731 1652 enirn
752 1590 895 1670 quaedem
915 1581 1097 1670 μεσότητος
1119 1579 1339 1670 ἐπιρρήματα,

174 1693 268 1774 iisque
289 1693 319 1756 iu
335 1693 463 1776 Dionysii
477 1693 599 1756 Tltraeis
614 1692 720 1766 libelle,
743 1692 793 1774 qui
808 1699 990 1773 quantopere
1005 1707 1021 1749 a
1037 1689 1180 1770 liqzanliis
1195 1689 1341 1771 magistris

175 1796 304 1859 diidetus
329 1805 360 1859 et
386 1795 580 1876 interpolatus
606 1795 654 1868 sit,
681 1795 830 1857 neminem
852 1794 935 1875 iugit,
961 1793 1042 1854 locus
1063 1792 1139 1853 iuter
1154 1793 1340 1874 tenqmriset

175 1897 323 1981 qualitatis
339 1897 473 1962 adverbia
489 1897 605 1960 medius
620 1897 784 1978 assignatus
799 1905 853 1970 est,
871 1915 925 1978 pro
940 1893 1083 1976 ererrqdis
1097 1899 1196 1956 autem
1211 1897 1341 1957 alit-run·

174 2009 224 2064 tur
250 1995 369 2073 καλῶς,
392 1999 519 2084 eequis,
543 1995 700 2074 όννοτιῦς,
724 2017 799 2080 quae
825 2016 879 2060 cur
898 1996 1077 2078 equalitatis
1096 1997 1341 2079 mla-erbiissepa·

172 2111 278 2166 rentur
291 2121 382 2166 neure
397 2101 481 2165 iaeile
497 2100 689 2182 perspexerit.
721 2103 977 2162 Connttentatores
992 2099 1112 2180 quidem
1129 2099 1256 2180 trium-stt
1272 2099 1342 2162 illud

172 2199 357 2289 μεσότητος
371 2221 481 2264 nomen
497 2201 532 2264 iis
547 2201 691 2265 adverbiis
708 2203 860 2284 proprium
877 2221 941 2264 esse
957 2201 1069 2276 solunt,
1085 2201 1201 2284 quaein
1217 2205 1254 2274 os
1265 2195 1342 2264 uesiss

173 2313 254 2381 nant,
270 2307 388 2389 sintque
400 2325 435 2367 er
447 2305 581 2386 genitivis
594 2303 754 2387 pluralibus
766 2304 921 2366 nominum
937 2313 988 2366 aut
999 2303 1209 2386 pronominum
1221 2303 1342 2378 debesa,

173 2410 203 2472 iu
229 2409 337 2491 quibus
361 2427 452 2489 quum
479 2407 594 2470 nullum
614 2407 653 2468 sit
672 2405 788 2487 generis
811 2406 965 2469 masculini
981 2415 1011 2468 et
1024 2405 1158 2468 ieruiniui
1173 2405 1342 2482 discrimen,

174 2513 244 2575 ltine
264 2511 408 2572 eiusmodi
434 2508 578 2572 adverbiis
599 2508 669 2571 illud
693 2508 904 2571 medietatis
924 2527 1034 2571 uetueu
1054 2509 1210 2572 eonvenite
1231 2509 1342 2572 risum:

174 2613 361 2675 medietatem
388 2609 467 2672 enim
494 2629 559 2672 esse
582 2609 881 2688 iuditii-rentiamfl).
916 2610 1017 2674 Paullo
1042 2612 1146 2673 saltem
1170 2610 1342 2692 [esurientius

174 2715 317 2796 Georgius
332 2712 554 2776 Cltoeruboscus
565 2706 744 2797 μεσότητος
759 2713 893 2777 adverbio
905 2723 1060 2798 propterea
1074 2714 1149 2778 elicta
1164 2713 1341 2798 suspicatur,

175 2950 209 2988 ro
219 2949 245 2998 r,
257 2934 333 2987 balret
347 2933 371 2987 1ο
385 2950 413 2988 ιο
427 2933 506 3000 insius
518 2933 592 2986 verbi
602 2934 843 3001 signiiirationem.u
863 2935 930 2988 Seue
939 2935 982 3006 qui
993 2951 1088 3002 paese
1097 2935 1166 3000 dicit,
1176 2935 1342 2989 admiratione

175 3022 279 3089 qumlmu
299 3037 327 3073 ee
343 3021 461 3073 all'eetnm
474 3034 532 3072 ease
545 3021 667 3086 ostendit,
691 3030 824 3091 potestque
837 3021 884 3074 boe
897 3022 962 3074 idem
975 3023 1051 3074 etiam
1064 3021 1186 3075 disertius
1197 3023 1276 3074 verbe
1289 3023 1343 3075 uti·

176 3123 230 3159 ror
243 3106 335 3174 eloqui,
348 3107 451 3175 ideoque
464 3105 561 3158 duobus
575 3107 656 3160 sirudis
669 3125 742 3160 nntrm
756 3109 851 3161 dicere.
876 3108 925 3159 Sed
939 3107 1061 3160 ridiculus
1073 3108 1117 3170 sit,
1129 3109 1170 3176 qui
1183 3108 1233 3160 late
1246 3122 1343 3176 napae
1368 3122 1376 3137 ·

174 3191 350 3242 arlruiretionie
364 3199 408 3242 aut
421 3206 521 3242 eausam
534 3199 579 3242 aut
591 3191 748 3260 qualitatem,
761 3201 804 3246 eut
817 3193 1000 3246 renuntiationis
1012 3191 1183 3246 medelitatrna
1194 3194 1344 3260 sigaidrari,

176 3275 280 3342 ideoque
293 3275 353 3327 illud
366 3276 484 3328 adverbii
497 3277 546 3328 eiua
561 3279 653 3330 babere
666 3281 794 3344 opinetur.

245 3363 287 3424 99)
307 3363 331 3413 Ιιι
346 3363 462 3430 Dionysii
479 3361 542 3415 Thr.
554 3362 643 3415 libello
657 3380 679 3430 μ.
692 3365 737 3416 6-11
760 3383 799 3434 sq.
815 3366 916 3432 speeies
931 3363 1109 3418 adverbiorum
1127 3383 1141 3417 s
1158 3365 1345 3432 significatione

175 3447 316 3515 appellatae
333 3449 441 3515 quinque
458 3455 485 3499 et
504 3447 595 3511 viginti
612 3459 679 3502 soret.
706 3451 837 3501 lliomedes
855 3467 878 3516 μ.
892 3453 943 3502 butt
957 3453 1017 3515 (199
1030 3449 1107 3514 lieil.)
1121 3452 1345 3519 vigintiquatuor

68 3565 70 3572 ,
176 3534 263 3598 babet,
284 3533 388 3584 totidem
408 3532 523 3584 bonetus
540 3531 568 3599 ll,
585 3534 623 3598 ta,
636 3533 661 3597 2,
675 3533 772 3586 l‘rnbns
785 3551 808 3602 p.
824 3536 890 3586 1119
913 3535 1003 3598 uiginti
1017 3551 1104 3600 ueram,
1125 3534 1274 3588 l’rlseianns
1286 3535 1345 3601 XV,

176 3619 209 3670 98
221 3635 274 3687 sqq.
287 3619 398 3670 sederim
411 3624 546 3669 contentus
559 3625 613 3681 est,
627 3617 775 3670 Tlaerodorus
788 3618 857 3671 lirae
872 3635 895 3686 p.
909 3621 959 3671 255
973 3621 1021 3682 (ed.
1036 3621 1092 3671 nes.
1108 3621 1193 3684 tels.)
1211 3629 1345 3688 quattaet*

175 3703 255 3755 derisu
268 3709 392 3768 recenset,
404 3701 448 3754 sed
462 3702 600 3768 prudenter
611 3701 693 3754 addit:
711 3697 780 3754 ciliis
798 3701 853 3773 γὰρ
872 3700 903 3754 τό
922 3701 995 3772 πρός
1011 3703 1042 3756 τό
1056 3699 1270 3775 σημαινόμενον
1281 3701 1345 3758 eia-e·

174 3782 273 3857 μάζειν
290 3782 354 3836 ιιιι9“
368 3783 491 3837 ἕκαστον
502 3779 632 3851 ιῖσιιμοτ.
657 3785 712 3852 lpse
725 3803 782 3838 mes
795 3787 870 3838 aliam
882 3788 926 3838 sed
940 3805 988 3840 οοο
1003 3789 1131 3842 meliorem
1144 3791 1210 3842 via!
1223 3789 1286 3856 tate,
1302 3805 1346 3843 se·

176 3871 280 3924 eundum
292 3871 379 3922 desem
391 3870 538 3936 sategerim
550 3869 582 3921 eb
595 3870 755 3924 Aristoteliis
768 3871 878 3922 traditas
891 3872 1012 3924 adrerbia
1025 3873 1182 3939 diapeseeus.

245 3957 287 4020 211
306 3953 389 4006 Senot
410 3954 517 4023 llierq's.
537 3968 562 4019 p.
575 3956 634 4016 999,
654 3955 696 4007 iSs
720 3951 888 4020 alieedrqrnr
908 3951 1088 4026 ἱσιμμὴμιιιιέ
1109 3955 1188 4012 ι’στιτ
1207 3955 1265 4010 dere
1284 3956 1345 4012 όσό

176 4041 295 4110 rar-erade
316 4035 466 4108 ὀνομάτων
478 4040 528 4118 ‘alr
550 4043 586 4101 σῖτ’
602 4036 750 4110 requirerer·
767 4041 813 4092 ared
827 4043 949 4113 squmue
959 4040 1116 4112 μισόιηιος
1127 4041 1194 4114 παρ’
1207 4039 1281 4099 ὅσον
1292 4043 1346 4098 ι1σ1

174 4119 481 4194 praeeminuerunt
495 4123 625 4189 dqiuaeia·
638 4119 796 4195 όνομόιοιν,
810 4121 847 4184 eir
863 4125 894 4176 τὸ
912 4127 1025 4193 selei,
1041 4127 1154 4192 audet,
1166 4130 1277 4182 setar
1288 4147 1346 4182 as·

178 4211 250 4274 loir,
271 4209 372 4278 eolles
392 4208 498 4279 ιμ11ιιι
514 4209 625 4278 q-iiror
642 4211 752 4278 φίλιος
768 4210 824 4262 sari.
841 4209 1165 4277 (stimulationem
1183 4210 1345 4267 σόοιιιιὶτιό

175 4295 296 4364 rameseie·
316 4290 389 4360 πλὴν
408 4293 458 4346 τοῦ
480 4287 607 4360 αἴτιος.)
632 4293 729 4348 Similia
751 4303 903 4364 repetemus
923 4311 948 4364 μ.
961 4300 1022 4364 919,
1037 4300 1080 4362 11;
1098 4307 1124 4350 et
1137 4314 1160 4366 p.
1173 4300 1234 4368 911,
1246 4300 1262 4352 b
1274 4299 1347 4353 aelia·

175 4379 266 4434 liaatea
278 4381 309 4433 de
320 4379 449 4432 adverbiis
459 4377 612 4451 βοτρυδόν,
623 4376 774 4450 ἀγεληδόν,
787 4379 850 4448 ndi,
863 4377 913 4444 tais
923 4380 1038 4452 loqueos,
1051 4389 1172 4440 σιιιιστῖτ
1179 4383 1246 4460 χρῆ,
1258 4387 1347 4457 iaqeit,
