3186 4968
754 491 903 589 ..οι

242 681 356 743 tantum
370 675 468 742 elicere
482 679 595 762 potuit,
610 678 640 742 b.
656 695 682 742 e.
697 677 734 743 tle
749 677 847 744 liberie
861 681 922 744 aire
937 683 997 744 iam
1012 682 1098 746 editio
1112 683 1173 748 aire
1188 686 1334 767 expetitio.
1366 687 1408 754 lle

243 781 375 864 irup'bue
389 799 475 857 raro,
496 799 571 864 quae
585 780 658 864 quin
672 789 774 845 carent
787 781 913 848 dubitari
927 801 990 849 non
1004 786 1119 869 potuit,
1133 795 1214 852 recte
1228 777 1315 872 ὑπέρ
1329 790 1410 866 dicit,

246 883 400 948 ιῖοοοιιιΙῖ
416 885 567 948 oraculum
583 881 744 948 arbitratur
757 884 794 948 tio
808 885 885 949 laeto
899 905 1002 951 earum
1017 897 1172 972 prouentu.

329 985 393 1051 lam
407 987 527 1063 Creusa,
543 1005 637 1072 quum
652 986 706 1051 lou
720 988 918 1072 interrogandi
933 990 1023 1054 linem
1037 991 1134 1066 iaciat,
1149 991 1213 1075 iper
1228 994 1312 1076 pueri
1326 995 1409 1080 inge·

244 1089 358 1156 uuitate
377 1098 462 1175 capta
483 1098 668 1172 matremque
682 1089 748 1154 eice
762 1090 879 1155 beatam
894 1093 1081 1176 praedicam,
1103 1093 1170 1178 quie
1185 1095 1224 1159 eit
1238 1096 1408 1182 interrogat,

244 1211 398 1278 quumque
413 1214 446 1258 ce
460 1195 508 1258 dei
522 1211 640 1258 cerrum
657 1211 721 1256 eree
735 1193 923 1277 respondeat,
937 1213 1043 1261 rursus
1057 1197 1174 1281 quaerit
1188 1217 1215 1262 r.
1228 1197 1306 1264 323:

453 1287 614 1383 ἀνάθημα
636 1290 770 1372 πόλεως
790 1287 812 1382 ἤ
832 1316 924 1374 τινος
945 1293 1094 1382 προθεὶς
1114 1290 1201 1378 {ium

242 1401 273 1466 b.
288 1419 315 1465 e.
331 1399 519 1465 tetieroeoe
533 1400 570 1464 ab
585 1401 681 1483 aliqua
695 1399 811 1465 ciritete
826 1417 864 1464 an
878 1417 987 1464 venum
1002 1399 1112 1465 laturi
1134 1401 1247 1486 Nempe
1259 1395 1407 1488 ῖιρόδοο-
1500 1474 1502 1478 ,

143 1559 147 1566 .
241 1499 313 1578 λοι,
334 1504 451 1585 qualem
473 1502 574 1566 celon
593 1503 839 1585 professorem,
861 1501 909 1566 bia
927 1503 1043 1568 ‹luobuc
1063 1505 1161 1569 modia
1181 1505 1244 1571 lieri
1259 1507 1403 1576 colebant.

243 1595 422 1690 Ἀιᾶθημο
440 1605 526 1688 vulgo
546 1605 691 1668 derebus
711 1621 796 1668 racro
816 1604 938 1681 dicatio,
959 1623 1027 1669 raro
1047 1605 1085 1670 de
1104 1607 1276 1674 hominibur
1291 1611 1406 1690 dicitur,

242 1725 299 1772 acc
320 1707 448 1770 alterum
468 1706 557 1770 botre
577 1725 651 1770 ucue
669 1705 838 1788 exemplum
859 1723 939 1768 nuuc
959 1707 1080 1790 quidem
1101 1708 1132 1772 in
1146 1721 1288 1794 promptu
1302 1712 1407 1778 babeo.

241 1811 267 1874 Λ
281 1808 448 1875 cbrirtianir
463 1799 620 1890 οἷιοῖθιμο
630 1807 686 1872 οἰοῖ
698 1813 803 1872 notum
815 1812 861 1871 eet
871 1807 908 1872 ‹lc
919 1807 1101 1887 hominibus,
1117 1813 1169 1876 eetl
1180 1832 1272 1878 ecura
1282 1815 1407 1882 diuerso.
1523 1887 1525 1890 ,

244 1913 455 1996 significantur
479 1911 559 1975 euim
579 1911 622 1986 ei,
647 1927 776 1994 quorum
797 1909 920 1974 nomina
939 1929 1009 1975 cum
1028 1915 1229 1979 exsecratione
1249 1916 1280 1980 io
1300 1918 1407 1984 tabulie

243 2016 519 2100 proacribebantur,
540 2008 635 2095 παρὰ
655 2009 696 2077 cri
715 2007 751 2078 ir
768 2009 810 2100 τῇ
825 2009 929 2100 orp'ip
945 2005 1186 2094 conluceret,
1202 2019 1298 2103 inquit
1311 2021 1408 2105 Etpm.

241 2119 281 2184 ll.
295 2139 326 2205 p.
342 2117 394 2194 96,
409 2117 461 2183 28.
491 2118 532 2182 lle
553 2117 721 2182 conditione
741 2125 841 2182 autem
857 2133 978 2189 eorum.
999 2119 1049 2202 qui
1065 2109 1253 2204 ἱερόδουλοι
1267 2123 1407 2190 ‹liceban-
1504 2132 1507 2138 '

241 2231 307 2302 tur,
327 2223 400 2288 ratic
420 2221 480 2286 diri
493 2221 524 2286 in
540 2221 696 2306 Antiquitt
710 2239 753 2305 pr.
769 2229 843 2285 tom.
860 2221 917 2305 lp.
934 2221 996 2286 143
1010 2232 1041 2288 ct
1054 2223 1079 2289 ll
1094 2242 1124 2310 p.
1139 2225 1219 2304 210,
1238 2245 1314 2312 qrrae
1328 2247 1408 2296 nuuc

143 2349 146 2352 ·
241 2336 377 2415 repetere
392 2343 452 2392 οοο
467 2345 545 2410 opua
559 2333 614 2389 est.

329 2433 383 2499 lon
403 2450 497 2517 quum
519 2450 552 2496 ee
566 2448 622 2497 nec
636 2430 672 2495 rie
687 2427 858 2516 parentibue
871 2429 934 2494 ruia
948 2447 1005 2497 rec
1018 2447 1079 2516 quo
1093 2431 1182 2498 modo
1197 2433 1227 2500 io
1243 2435 1319 2504 banc
1333 2454 1408 2504 οοο-

241 2537 386 2605 tlitioocm
410 2535 548 2603 redactur
568 2535 607 2601 ait
627 2533 788 2620 quidquam
804 2539 991 2620 compertum
1004 2535 1113 2604 babere
1127 2539 1296 2625 respoudit,
1315 2542 1407 2610 mire·

241 2649 304 2711 rata
318 2643 382 2710 eiua
396 2649 509 2708 aertem
525 2641 633 2706 Creum
648 2659 675 2703 r.
690 2640 753 2704 ³25

358 2740 452 2833 ἡμεῖς
473 2737 507 2811 ο’
530 2735 587 2827 t‘p'
610 2731 725 2822 αὖθις,
741 2743 846 2826 inquit,
869 2727 898 2808 οῖ
920 2734 994 2825 ξέν’,
1016 2735 1291 2832 ἄποικιιῖρομοι,

241 2851 402 2936 respiciens
416 2848 528 2914 relico
540 2849 577 2912 ael
593 2847 673 2912 locie
688 2847 790 2921 verba,
811 2866 837 2910 ι.
854 2847 932 2924 ³19,
953 2848 1060 2930 quibui
1074 2850 1122 2915 ille
1138 2851 1235 2935 ipsam
1249 2853 1407 2920 miseratur

241 2963 315 3020 erat
344 2953 467 3031 Quaerit
481 2951 595 3026 deiude,
611 2951 663 3016 ubi
677 2949 804 3015 habitet:

445 3057 555 3122 ιοοῖοι
578 3048 613 3120 δ’
636 3046 739 3130 οἰκεῖς
759 3043 886 3118 τοιοίδ’
907 3040 930 3138 ἢ
950 3047 1037 3118 κατὰ
1058 3047 1177 3136 στέγος
1183 3077 1195 3134 ,·

242 3159 293 3226 Sic
306 3159 387 3224 cuim
402 3168 573 3244 corruptam
588 3159 725 3225 codicum
739 3156 933 3240 rcripturam‚
952 3153 1063 3220 ναοῖσι
1078 3148 1111 3220 δ’
1127 3149 1230 3236 οἰκεῖς
1243 3155 1356 3228 τοῖσδέ
1370 3153 1407 3247 7²,

241 3273 311 3349 poet
326 3263 537 3328 Wakefieldum
556 3280 663 3328 omnes
682 3259 888 3324 emendarunt
917 3258 955 3322 lit
975 3275 1046 3323 caue
1067 3259 1200 3344 ineptum
1216 3273 1262 3329 eet
1277 3257 1326 3347 γέ,
1347 3283 1408 3332 οοο

243 3385 304 3450 quo
319 3369 418 3432 color
433 3366 521 3431 buiur
535 3365 694 3450 particulae
708 3364 740 3428 io
754 3361 962 3444 interrogando
976 3361 1060 3426 iocur
1073 3363 1127 3440 eit,
1143 3364 1195 3430 eod
1210 3367 1290 3450 quod
1305 3386 1339 3432 ea
1353 3368 1408 3434 atl-

246 3469 306 3533 iita
327 3469 371 3534 cic
384 3469 556 3553 loqueretur
570 3469 694 3546 (ἕποιο,
714 3486 749 3532 ac
763 3467 789 3533 oi
803 3467 906 3530 locem
922 3465 954 3530 iu
968 3464 1023 3530 hac
1037 3465 1156 3548 quidem
1171 3483 1251 3535 certe
1265 3471 1338 3538 aede
1353 3474 1408 3538 ba·

243 3571 336 3638 bitare
350 3582 476 3658 potaret,
491 3573 520 3637 id
535 3573 616 3658 quod
631 3571 792 3637 absurdum
803 3587 868 3635 ecee
878 3578 1009 3653 apparet
1035 3569 1157 3635 lliretur
1167 3583 1267 3638 autem
1280 3575 1408 3642 torturae

244 3673 349 3760 aliquia
364 3675 462 3758 iprum
477 3675 548 3740 illud
563 3675 684 3750 νοοῖοι,
699 3673 847 3744 ricuidem
862 3668 942 3736 ιοόν
955 3674 1074 3757 proprie
1088 3675 1192 3740 cellam
1203 3695 1270 3742 cere
1281 3683 1407 3756 conata.

242 3776 344 3862 inqua
359 3796 453 3864 quum
468 3777 516 3842 tlei
529 3777 720 3842 rimulacrum
735 3776 865 3862 peritum
880 3786 975 3852 creet,
990 3777 1126 3842 bominee
1142 3797 1261 3862 quoque
1275 3779 1406 3848 babitare

243 3881 376 3965 potuine
400 3899 490 3946 nemo
517 3881 602 3946 iacile
624 3881 733 3946 medat.
767 3877 979 3945 Removebitur
997 3888 1099 3944 umen
1120 3881 1195 3946 haec
1213 3882 1356 3959 offensio,
1379 3885 1407 3951 ai

242 3985 422 4068 reputaverit
436 3985 541 4071 plurali
555 4001 681 4050 numero
695 3981 807 4048 ιοοῖοι
821 4001 883 4048 οοο
897 3983 995 4048 colum
1011 3983 1106 4068 ipram
1118 3984 1232 4061 cellam,
1248 4003 1322 4070 quae
1334 4005 1405 4072 pro·

243 4085 307 4172 pria
326 4083 589 4167 uindicabatur,
608 4089 661 4155 aetl
682 4087 828 4174 templum
848 4087 1020 4154 univercum
1034 4089 1189 4174 significari
1206 4088 1354 4178 potuisse.
1373 4089 1406 4158 in

244 4190 330 4255 oriar
343 4192 439 4276 aliqua
452 4206 536 4278 parte
550 4194 650 4259 minue
663 4211 746 4258 racra
760 4201 792 4256 ct
804 4190 939 4276 religiosa
953 4209 1016 4256 uon
1030 4191 1223 4278 improbabile
1236 4205 1285 4260 eet
1297 4214 1404 4280 perpe·

244 4298 314 4358 tuae
327 4312 361 4357 ac
372 4295 563 4378 dbipeotiorie
577 4295 728 4361 emtodiae
741 4313 830 4380 cauea
842 4313 936 4361 uuam
951 4305 1004 4360 aut
1013 4296 1140 4362 aiterum
1151 4317 1186 4362 ex
1198 4299 1405 4365 ministrorum

243 4397 478 4464 nummariam
497 4397 630 4464 babitare
646 4397 769 4464 colitum
787 4417 863 4464 ecre
892 4397 1073 4484 Plerumque
1086 4407 1188 4466 tameo
1201 4401 1405 4468 cacerdotibu⁸

243 4495 534 4584 ali'aquenrrmm
553 4501 698 4569 miniatii·
717 4500 1403 4590 numerarenptouauuamuioetmcoo·
