3186 4968
753 517 895 622 ...teu

235 707 407 797 μιτοιέων,
429 729 532 778 tersus
556 707 692 800 explendi
712 733 800 779 causa
820 713 886 778 τῶν
907 734 923 778 a
943 721 1110 806 correctore
1130 713 1160 778 in
1176 707 1281 778 τῶνδε
1295 715 1403 780 mutari

237 836 359 884 necem
372 817 439 882 duit.
484 817 551 894 Quo
566 835 654 882 eenau
670 823 770 883 autem
785 815 905 882 vulturii
927 817 1051 881 deorum
1068 816 1111 880 tei
1130 811 1337 898 μετανάσται
1360 819 1405 884 ret

236 916 390 1004 μέτοικοι
413 921 483 986 dicti
497 921 572 995 sint,
588 929 668 985 recta
683 921 833 1008 perspexit
848 921 948 984 smol.
962 921 999 984 ad
1016 919 1108 1005 Sopb.
1124 921 1196 984 Oed.
1212 920 1274 985 Col.
1287 940 1314 984 τ.
1326 922 1405 986 tut:

237 1026 410 1109 μετο1ιιοι·ς
432 1019 493 1108 μάρ
515 1011 593 1087 eirea
614 1025 680 1088 coir
701 1017 840 1111 ὑψηλῶν
860 1017 1066 1100 τέεεωντοελς
1080 1015 1226 1100 ολωνοάς.
1256 1024 1299 1087 Gi.
1312 1035 1406 1088 nostr.

238 1129 359 1212 dntiqu.
375 1145 418 1209 gr.
434 1136 508 1191 tona.
523 1127 548 1190 11
564 1147 594 1212 p.
609 1127 669 1191 ttt
688 1129 735 1192 ed.
751 1149 810 1194 sec.
1424 1205 1426 1209 v

325 1231 359 1295 in
379 1229 485 1294 eodem
506 1231 621 1294 cantico
642 1248 668 1292 ν.
690 1230 732 1294 id
752 1231 789 1294 de
807 1229 1020 1312 significatione
1041 1221 1177 1314 α’ττάρων
1204 1219 1300 1312 ἱερῶν
1321 1231 1407 1295 multi

241 1334 334 1398 multa
348 1349 491 1416 perquam
513 1331 692 1397 incredibilia
711 1331 873 1396 commenti
895 1341 975 1405 aunt,
991 1350 1067 1414 quae
1082 1349 1256 1416 percensere
1271 1333 1408 1399 hocloco

240 1436 321 1500 nolo.
365 1436 410 1499 ite
430 1435 550 1517 quidem
573 1434 708 1498 nondum
731 1435 861 1518 poenitet
882 1451 997 1507 eorum,
1018 1451 1094 1516 quae
1114 1441 1182 1498 ento
1198 1433 1254 1498 bos
1270 1436 1407 1501 undecim

240 1558 335 1603 annor
351 1539 381 1602 iu
396 1537 582 1620 Gottingenai
597 1547 746 1602 conventu
761 1537 978 1622 philologorum
993 1536 1144 1622 proposui,
1160 1554 1254 1620 quum
1270 1530 1409 1624 ἀπύρων

241 1633 337 1726 λερῶν
358 1631 459 1724 ὀργάς
481 1641 554 1703 iram
570 1639 693 1704 deorum
709 1660 774 1704 esse
789 1641 917 1704 dicertm
934 1646 1055 1726 propter
1071 1658 1131 1704 non
1146 1639 1242 1703 oblata
1257 1641 1408 1716 sacrificia,

240 1763 302 1828 quo
316 1761 406 1807 sensu
428 1743 517 1806 etiem
535 1743 734 1806 iiumboldtua
748 1744 910 1807 convertit:
933 1743 979 1806 ob
995 1741 1063 1806 der
1077 1741 1191 1824 Opier
1213 1745 1409 1809 vermisse·

240 1857 297 1912 ter
318 1847 485 1912 flamme.
530 1845 633 1930 Neque
654 1846 836 1930 argumentis
855 1847 1013 1910 retutmam
1036 1845 1113 1910 bene
1134 1845 1408 1931 interpretationem

240 1949 367 2015 adbuea
384 1967 535 2034 quoquam
552 1949 619 2013 ridi.
663 1949 736 2025 Quis
752 1950 831 2012 euim
847 1966 954 2031 negare
976 1947 1063 2021 ausit,
1088 1937 1202 2030 ἀνταρα
1224 1939 1297 2032 irpo‘
1319 1951 1409 2015 etiarn

241 2073 275 2118 ea
290 2053 347 2116 dici
362 2053 495 2138 potuisse
509 2071 585 2135 οιιια
598 2069 658 2117 non
669 2053 787 2117 incense
798 2054 829 2117 b.
842 2073 868 2117 e.
881 2069 942 2116 uon
954 2051 1050 2115 oblata
1063 2049 1186 2116 maenti
1201 2053 1312 2116 Eodem
1326 2055 1410 2137 piane

177 2159 181 2176 ²
243 2155 335 2221 modo
349 2155 427 2242 apud
444 2155 613 2241 Euripidem
629 2156 658 2218 iu
675 2155 794 2230 Helena,
809 2175 836 2218 τ.
855 2153 948 2229 1332,
964 2147 1096 2216 πολέων
1110 2145 1142 2216 d'
1164 2145 1312 2219 ἀπέλιπε
1325 2156 1410 2239 βίος,

244 2249 316 2323 orid'
338 2245 423 2343 ἦσαν
445 2253 534 2322 eom
555 2251 687 2330 θυσίαι,
715 2259 844 2338 βωμοῖς
869 2245 898 2320 τ’
926 2245 1085 2342 depictor
1120 2251 1271 2336 πέλανοι,
1295 2267 1326 2322 ut
1348 2259 1411 2344 ipae

243 2369 402 2426 contextim
417 2359 507 2424 buius
521 2359 577 2424 loci
591 2359 689 2433 docet,
705 2376 766 2423 non
781 2358 921 2422 dicuntur
935 2357 1071 2444 imposita
1093 2358 1212 2440 quidem
1233 2359 1291 2424 aria
1306 2361 1359 2425 ted
1374 2362 1412 2426 ab
1448 2419 1453 2430 ,

243 2463 326 2528 iratis
340 2462 514 2527 numinibus
527 2470 626 2546 aprets
641 2462 708 2536 liba.
731 2460 783 2526 aed
804 2461 927 2524 omnino
941 2477 1003 2523 non
1017 2458 1115 2524 oblata
1130 2477 1226 2545 neque
1241 2463 1360 2528 incensa
1375 2465 1411 2528 ab

244 2565 414 2630 bominibus
429 2563 575 2630 malorum
591 2563 732 2647 gravitate
752 2571 804 2628 aut
824 2561 989 2645 absumptis
1005 2571 1057 2626 aut
1083 2562 1305 2650 obstupefactis,
1327 2576 1358 2632 ct
1381 2569 1412 2633 iu

244 2667 412 2755 Hippolyto,
428 2685 454 2730 r.
475 2667 543 2740 117,
559 2665 669 2731 cborue
684 2664 834 2730 Phaedrae
850 2663 988 2730 morbum
1004 2663 1041 2729 ab
1052 2665 1125 2730 irata
1139 2667 1229 2732 Diana
1243 2668 1412 2735 immissum

243 2770 405 2854 suspicans,
425 2763 474 2834 σελ·
494 2763 543 2844 δέ,
574 2769 671 2852 iuquit
690 2759 819 2850 ἀνέιρος
847 2759 987 2832 ἀθύτων
1014 2760 1167 2831 ειελάνων
1187 2763 1309 2854 τράχει,
1331 2773 1362 2837 λι.
1384 2794 1411 2837 ε.

245 2881 366 2960 propter
380 2871 437 2937 liba
452 2889 512 2936 non
528 2871 625 2936 oblata
640 2871 746 2936 morbo
763 2871 890 2935 reseris:
907 2871 1089 2953 omninoque
1104 2871 1180 2937 brud
1195 2891 1262 2938 roro
1278 2892 1301 2936 α
1315 2874 1412 2960 priva·

243 2975 337 3040 tirum
352 2975 396 3039 sic
411 2985 578 3062 usurpatur,
599 2983 632 3037 ut
652 2992 714 3038 non
734 2973 908 3060 simpliciter
927 2972 1171 3054 significationem
1191 2975 1254 3041 cius
1269 2977 1411 3053 vocabuli,

244 3078 363 3162 quicum
379 3077 579 3164 componitur,
595 3077 697 3142 tollere
712 3085 742 3141 et
757 3077 787 3140 in
802 3075 983 3141 contrarium
996 3085 1109 3142 vertere
1120 3079 1278 3144 dicendum
1290 3080 1343 3156 sit,
1359 3081 1411 3146 sed

244 3187 360 3245 tantam
374 3191 410 3245 ut
422 3179 568 3244 actionem
583 3197 660 3254 mm,
680 3195 757 3262 quae
779 3177 828 3241 iilo
849 3177 988 3242 rocabuto
1003 3178 1181 3262 designatur.
1201 3182 1341 3246 omissam
1365 3183 1412 3246 in·

244 3283 332 3356 dicet,
355 3281 479 3364 idquod
498 3280 587 3344 etiam
610 3279 866 3363 perrogationem
890 3269 929 3340 ori
948 3288 1000 3343 aut
1019 3271 1066 3364 poi
1086 3299 1154 3344 eum
1177 3283 1330 3366 participio
1351 3283 1413 3348 deri

246 3383 351 3468 potuit
396 3383 446 3448 Sit
473 3383 551 3466 apud
573 3381 743 3468 Euripidem
774 3381 804 3444 itt
826 3381 905 3454 ione,
936 3399 963 3444 ν.
985 3379 1058 3453 253.
1087 3375 1147 3445 dut
1172 3375 1206 3446 d'
1227 3375 1414 3469 ἀσφάκτοις

244 3479 385 3572 perfletur
408 3479 524 3566 dripere
549 3480 593 3570 par}
618 3475 730 3568 πάριτ’
753 3477 787 3560 ές
807 3477 912 3567 μυχόν
937 3483 1009 3548 nihil
1029 3483 1108 3548 aliud
1132 3481 1415 3573 εε1οιεειομήλων

244 3585 289 3676 με)
312 3581 535 3674 λσφαμμένων,
557 3597 587 3652 et
601 3587 631 3652 in
648 3585 804 3673 Sopbodis
819 3587 975 3670 Antigona.
991 3607 1018 3650 τ.
1035 3587 1107 3662 551,
1124 3588 1174 3652 ubi
1189 3589 1304 3654 lemene
1318 3591 1413 3654 sorori

246 3692 283 3758 ad
312 3701 441 3757 mortem
476 3709 509 3756 ae
544 3701 676 3778 paratam
705 3709 772 3756 aare
807 3690 959 3777 proiearae
983 3691 1159 3776 respondet:
1187 3684 1257 3757 ἀλλ’
1279 3683 1338 3756 orie
1361 3683 1415 3756 ἐντ’

247 3785 419 3884 ἀρρήτοισι
444 3795 516 3874 τοῖς
536 3789 630 3879 έμοῖς
651 3789 775 3881 λόγοις,
796 3794 868 3880 quid
887 3793 966 3859 aliud
988 3812 1078 3879 quem
1093 3806 1180 3880 negat
1195 3797 1358 3862 moriturae
1373 3795 1414 3861 11Ιί

247 3919 310 3966 aaa
325 3917 387 3965 nou
400 3900 477 3966 dicta
492 3917 558 3966 εειε
573 3901 714 3984 quibust
737 3899 862 3966 oonsilio
877 3897 1090 3965 revocaretur?
1107 3901 1198 3984 {gitur
1218 3899 1414 3983 quemadmo·

248 4005 320 4070 dum
335 4005 393 4069 boe
407 4005 473 4070 ioco
487 3995 545 4070 λη’
567 3997 724 4092 ἀρρήτοις
743 3997 855 4087 λόγοις
877 4011 924 4068 eat
938 4003 957 4066 i.
973 4023 1003 4087 q.
1024 3995 1084 4067 orbo
1107 3995 1287 4092 εἰρημένων
1299 3997 1414 4086 λόγων,

248 4107 279 4172 ia
293 4107 365 4172 ione
379 4099 436 4172 λα’
458 4099 647 4198 ἀσφάιιτοις
666 4101 786 4196 μήλοις
813 4107 832 4172 1.
861 4125 890 4190 q.
917 4099 1029 4194 μήλων
1055 4101 1099 4195 μή
1129 4099 1359 4196 έσφαγμένων,
1384 4108 1415 4174 iu

249 4211 359 4278 ttctecs
392 4201 553 4299 ἀφλειιται
588 4207 730 4279 πέλανοι
762 4211 782 4278 1.
815 4231 845 4297 q.
873 4203 914 4276 σά
937 4205 1077 4276 πέλανοι
1101 4205 1302 4300 φλεγόμενοι
1322 4197 1416 4297 ἦσαν,

249 4314 281 4379 in
302 4313 459 4400 iiippoipto
486 4305 615 4403 ἀνέιρος
643 4316 662 4383 1.
685 4335 715 4402 q·
739 4307 799 4396 οάχ
820 4307 1008 4400 λιριάσαοα,
1035 4305 1160 4381 doceor
1182 4311 1322 4381 πέλανοι
1345 4315 1364 4380 1.
1386 4333 1416 4400 q.

250 4411 391 4482 redium
412 4409 452 4484 οά
473 4413 663 4502 redundent,
684 4420 728 4486 rie
749 4419 828 4506 apud
850 4419 1027 4502 aucupum
1051 4409 1148 4506 ἀργαὶ
1171 4411 1309 4502 ἀπύρων
1323 4409 1420 4501 tepeo

249 4509 631 4612 tqawwp']
659 4514 993 4610 Ummhafls
1021 4515 1067 4610 'ss'
1096 4516 1419 4597 mmmm
