3186 4968
647 373 801 477 „ppe-

137 569 273 634 etteetaru
292 586 359 634 eree
377 567 523 644 indieant,
542 565 693 652 ίεΙεανηοο
712 584 794 644 erre,
814 582 890 652 quae
903 583 973 632 eum
987 564 1121 632 bonitate
1134 563 1260 632 deerunt
1274 573 1306 628 et

138 673 248 740 iuatitia
261 672 409 740 enneitiari
423 677 561 758 nequeat.
590 671 661 736 Ποῖ
674 665 771 758 ἀεέην
785 661 969 754 ἀνοίσομεν,
983 673 1025 736 ud
1041 687 1230 756 quemnam
1244 687 1304 736 re·

138 777 300 845 teremue
314 775 397 844 inei
418 777 498 842 idem
519 785 566 841 eet
579 785 669 861 atque
683 795 844 860 quemnam
860 775 934 842 iuria
947 785 1100 842 auctorem
1114 785 1145 840 et
1158 775 1302 841 vindineru

138 883 284 966 appellare
307 877 498 966 poterimus?
523 881 591 945 Non
618 881 792 945 ebeirnititer
811 879 887 944 intra
906 898 932 941 ν.
955 879 1014 944 utu
1040 871 1175 966 ἀνέφερ’
1193 873 1230 956 ἀς
1246 875 1307 943 τάν

139 983 284 1068 ἀαύμονα
298 987 405 1050 dieitur
419 985 457 1048 de
470 1005 523 1060 en,
541 985 593 1068 qni
609 1003 673 1050 reru
688 984 724 1048 ad
739 983 787 1048 dei
801 983 955 1048 entudan
969 984 1177 1048 anctoritatem
1191 983 1303 1047 retere-

139 1089 198 1154 bat.
232 1089 343 1155 Nnetru
371 1097 472 1154 autern
500 1087 566 1153 loen
592 1078 771 1170 ἀνοίσομεν
799 1087 924 1152 debetur
943 1087 1098 1172 ttuegravii
1119 1087 1304 1152 coniecturae

139 1191 248 1258 merite
259 1193 297 1258 ab
308 1193 447 1258 omnibus
458 1199 610 1277 receptae:
626 1209 695 1256 narn
709 1191 789 1275 qued
801 1192 833 1256 in
844 1189 994 1256 indie-ibus
1005 1191 1120 1276 tegitur,
1135 1181 1306 1278 ἀνήσομεν.

139 1305 242 1383 aptum
263 1315 385 1364 eeueurn
405 1297 519 1363 nulium
541 1295 640 1364 hahet.
669 1295 730 1361 Nee
751 1296 851 1361 minue
865 1305 946 1362 reete
961 1288 1134 1377 ὀλούμεθα
1149 1313 1203 1380 pru
1218 1284 1307 1360 ttet-

139 1403 234 1485 pede
246 1403 284 1470 ab
298 1403 438 1469 nnnnibue
452 1399 628 1487 repositum.
657 1397 814 1482 Optatieue
828 1399 908 1464 enirn
924 1417 989 1464 reru
1004 1397 1172 1464 dubitanter
1186 1401 1308 1483 eteque·

140 1512 233 1584 retur,
247 1516 282 1572 ut
296 1527 386 1591 quam
401 1507 467 1592 φεῦ
481 1507 558 1571 terte
574 1504 637 1568 deri
651 1523 738 1588 poree
752 1513 901 1580 eumeret3
916 1503 1090 1568 indicativus
1104 1513 1204 1568 ruteni
1214 1499 1309 1569 tuturi

139 1625 204 1674 rem
218 1611 283 1676 eine
298 1611 481 1678 dubitatione
495 1607 705 1693 expectandam
719 1607 862 1688 deeignat.
888 1607 1005 1692 Quippe
1019 1607 1045 1672 ei
1060 1607 1161 1673 iniueti
1174 1607 1216 1672 dii
1226 1615 1308 1684 aunt,

141 1713 193 1777 ttet
205 1714 339 1798 protecto
353 1731 579 1798 saepenumero,
594 1719 629 1776 ut
644 1711 720 1774 rnate
734 1709 844 1774 taeiant
857 1709 1040 1774 hominibue.

226 1817 278 1891 tt,
298 1816 395 1900 inquit
408 1817 478 1892 iou,
493 1815 565 1899 quid
579 1813 694 1878 uberae
708 1820 740 1876 et
754 1821 784 1876 te
798 1813 928 1877 addictae
942 1831 1044 1878 rerutn
1059 1813 1310 1897 inexploratum

141 1915 236 1982 eura?
258 1918 308 1984 Sie
321 1919 403 1982 eninr
418 1917 639 2001 interpretante
653 1921 724 1979 aunt
739 1913 804 1978 eine
818 1915 917 1988 rerba,
931 1933 959 1978 r.
974 1915 1052 1978 tut:

338 2013 383 2084 Ti
402 2017 511 2106 χρῆμα
533 2009 567 2080 d‘
589 2010 787 2100 ἀνερεύνητα
810 2011 986 2094 ἀυοθυμεῖ,
1008 2010 1120 2096 γύναες

142 2119 290 2186 Νἰαιίτιεεα
312 2112 510 2207 ἀνερεύνητα
524 2119 595 2184 dieu
608 2117 733 2182 deorum
748 2117 825 2180 taeta
840 2125 871 2180 et
885 2117 1022 2190 numidia,
1043 2135 1118 2198 quae
1133 2115 1229 2199 qualia
1243 2117 1313 2194 rint,

141 2223 257 2288 iuatane
271 2241 310 2286 an
324 2223 444 2298 iniusta,
459 2243 476 2287 a
491 2220 666 2287 mortalibua
681 2227 763 2284 eerto
777 2219 925 2302 explorari
939 2227 971 2282 et
985 2219 1112 2282 discerni
1127 2237 1189 2282 nnn
1202 2227 1312 2302 potest,

142 2343 198 2392 nee
219 2327 374 2410 prndeitur
388 2325 551 2410 quidquam
566 2324 725 2388 bominum
740 2341 812 2388 eura
826 2331 858 2385 et
871 2321 1062 2405 aegritudine.
1092 2321 1248 2386 Fattuntur
1260 2321 1314 2406 qui

143 2419 339 2515 ἀνερεύνητα
358 2446 440 2494 nune
453 2429 491 2492 de
506 2427 600 2512 ipeiue
614 2427 743 2492 Creusae
757 2425 940 2508 aegritudine
953 2424 1011 2489 dici
1024 2425 1141 2500 rudunt,
1162 2435 1197 2489 ut
1210 2443 1316 2491 eeneua

142 2532 196 2596 eit:
213 2531 300 2614 quid
320 2539 379 2597 eat
399 2531 498 2614 quod
519 2527 753 2612 aegritudine
768 2526 1032 2610 inexptornuitt
1047 2524 1218 2610 angeris?
1239 2528 1315 2594 Naue

143 2633 216 2700 nihil
240 2635 338 2699 adhue
362 2641 441 2706 erat,
466 2631 621 2696 undeinn
645 2631 725 2696 ittam
751 2631 918 2696 moestitiae
937 2649 1009 2694 eune
1028 2648 1149 2694 caueam
1170 2631 1317 2716 explorari

142 2737 223 2801 nette
237 2737 408 2814 enniieeret‚
423 2735 452 2798 id
473 2733 552 2816 quud
568 2743 674 2818 purten
687 2733 810 2798 demum
824 2753 851 2796 ν.
867 2731 930 2796 269
945 2732 1056 2797 Creusa
1071 2733 1217 2798 detendit:
1232 2725 1318 2798 τάπὶ

143 2835 231 2924 epte
253 2833 291 2902 di
312 2831 377 2922 iyu'
397 2857 434 2902 τε
456 2836 550 2920 nerei,
571 2831 630 2900 aui
652 2831 693 2900 ού
713 2831 760 2921 μή
784 2827 936 2922 φρόντιζ’
960 2825 1030 2898 ἔτει
1053 2845 1085 2899 et
1104 2837 1223 2902 tiiurte
1238 2832 1316 2901 ἀοσ-

144 2939 337 3023 θαμτῖσθαι
356 2958 427 3006 eunt
447 2939 614 3006 aurueativu
635 2928 830 3022 ἀνερεύνητα
851 2953 913 3001 uon
932 2936 1018 3001 aliter
1037 2939 1171 3003 eonatrui
1186 2937 1317 3024 potuiere

143 3051 303 3126 putarunt,
324 3060 413 3125 quarn
433 3051 468 3108 ut
481 3041 508 3108 ie
522 3041 706 3107 aecueatieue
720 3039 831 3104 interni
845 3039 953 3104 obiecti
968 3040 1062 3106 inetur
1075 3041 1124 3115 eit.
1140 3042 1225 3125 quaai
1239 3041 1318 3107 tien

145 3135 357 3230 ἀνερεύνητον
379 3135 571 3225 inemptae
592 3139 775 3224 dvedvpei,
800 3159 863 3206 nun
883 3150 1038 3224 reputarer
1057 3143 1195 3208 videntur
1213 3163 1318 3227 erepe-

144 3263 272 3310 numero
287 3246 376 3310 etiam
392 3244 645 3310 inuanritirnrum
661 3245 820 3308 ruborum
835 3244 1079 3327 eignitieationenn
1094 3245 1138 3310 rie
1148 3246 1233 3328 quari
1243 3245 1317 3310 dita·

148 3347 215 3423 teri,
230 3357 265 3412 ut
277 3347 500 3412 tranaitivorum
514 3346 576 3411 eina
591 3355 622 3411 et
636 3356 772 3412 naturam
787 3345 912 3410 induant
922 3367 958 3412 ae
967 3347 1092 3430 proinde
1102 3348 1193 3412 etiam
1204 3347 1317 3414 externi

148 3469 173 3514 ε.
194 3449 338 3514 transitivi
358 3448 465 3515 obiecti
485 3467 586 3515 earum
609 3449 781 3515 adiunctum
797 3449 942 3520 habunt.
963 3449 1051 3531 idque
1066 3451 1195 3515 rnaxirne
1209 3451 1273 3516 tieri
1287 3451 1318 3515 in

148 3551 246 3616 verite
261 3552 431 3628 affectuum,
447 3569 578 3636 qunrurn
593 3551 728 3633 exempta
743 3551 788 3614 vet
802 3552 881 3634 apud
892 3549 1095 3625 Matthiaeum,
1111 3571 1154 3634 gr.
1169 3571 1212 3634 gr.
1224 3557 1244 3631 t
1255 3553 1316 3616 ttt

148 3653 194 3718 ret
213 3653 291 3737 apud
308 3654 530 3730 Hermannum‚
552 3653 589 3718 de
608 3653 705 3736 etlipai
719 3661 751 3716 et
764 3652 983 3735 pleonasmop.
1003 3653 1062 3717 12³
1077 3663 1251 3719 tractantur.
1272 3653 1317 3718 Er

148 3756 209 3820 noe
230 3773 338 3838 genere
362 3765 410 3821 eet
430 3757 511 3842 gund
532 3755 564 3822 in
583 3755 640 3820 tuae
658 3755 756 3820 tabula
775 3773 803 3816 ν.
825 3755 888 3818 555
909 3753 1017 3818 dieitur
1035 3750 1197 3841 τερφθεὶς
1217 3755 1318 3822 τούτο

148 3849 230 3922 κεῖν’
252 3849 313 3924 oda
335 3850 461 3946 ἀρόμην
479 3892 522 3908 -
542 3867 574 3924 et
591 3857 670 3940 apud
690 3857 893 3941 Thucydidem
908 3857 942 3933 V,
957 3855 996 3920 ut
1021 3847 1167 3938 ἀθυμεῖν
1186 3855 1247 3946 τη’ν
1264 3878 1317 3923 τε·

149 3955 266 4046 weda
285 3957 346 4027 rei
367 3955 526 4044 πολέμου.
561 3959 753 4047 Repudiunda
779 3960 869 4044 igitur
887 3961 978 4026 etienr
997 3961 1120 4026 Nauetrii
1139 3963 1320 4042 wnieetura,

18 4131 20 4138 ,
147 4062 183 4129 τί
200 4056 301 4151 χρῆμ’
322 4055 542 4151 ἀνερμήνευτα
563 4060 744 4146 ἀοσθομεῖ,
770 4063 854 4130 euiur
880 4064 907 4128 ei
931 4065 1009 4129 terte
1028 4065 1319 4131 conmendatiunenr

149 4167 279 4251 atiquarn
298 4165 368 4232 inde
387 4171 484 4252 petet,
503 4167 585 4251 quud
604 4167 637 4233 in
651 4167 800 4232 eructuet
814 4159 850 4231 ri
861 4158 961 4254 χρῆμ’
976 4157 1188 4256 ἀνερεύνητα,
1209 4187 1272 4234 nnn
1285 4161 1321 4234 τί

148 4271 260 4356 χρῆμα
273 4261 309 4335 δ’
324 4261 421 4355 ἀνερ,
436 4271 581 4355 auipturn
595 4276 653 4352 eet,
667 4269 859 4354 hauguidem
873 4271 982 4336 niddur
996 4272 1143 4338 rennuenti
1152 4281 1210 4350 eet,
1224 4291 1320 4358 quutu

149 4371 223 4440 nibit
237 4373 352 4440 taeitiue
365 4373 430 4440 deri
443 4373 585 4460 potuerit,
599 4393 690 4460 quarn
704 4379 740 4439 ut
752 4373 867 4440 titterae
881 4375 958 4441 diue
968 4375 1044 4444 ΛΔ
1054 4384 1180 4463 prepter
1189 4394 1320 4463 reguen-
