3186 4958
752 495 904 600 ..J-³2...

248 689 327 776 quoti
352 697 453 754 essent
478 685 575 750 media
600 687 822 770 quodammodo
848 687 925 752 inter
949 687 1070 752 nomina
1092 697 1248 774 ceteraque
1265 689 1415 756 adverbia:

247 789 307 870 τάς
322 789 384 876 γάρ
398 783 568 874 ὑπάρξεις,
591 791 696 873 inquit,
718 784 755 868 ἐξ
768 783 940 872 ὀνομάτων
955 786 1078 871 ἔχοντι,
1094 787 1153 868 τάς
1169 789 1207 856 δὲ
1222 790 1418 879 ιιατολήξεις

248 889 304 959 καὶ
325 889 494 972 συντάξεις
516 885 768 978 ἒττιρρήμάτιονι
792 895 834 957 sic
860 894 939 958 onim
961 894 1114 976 scripsisse
1135 915 1205 958 eum
1221 915 1340 968 censeo.
1356 915 1417 959 non

189 1009 192 1018 “
248 997 500 1082 quemadmodum
522 995 638 1078 iegitur,
666 990 704 1072 ἐξ
724 989 969 1079 ἐπιρρημάτων.
1003 997 1078 1060 Nam
1101 997 1236 1062 adverbia
1251 999 1298 1060 iiia
1312 998 1417 1062 tarmi-

247 1101 398 1164 nationem
419 1108 449 1163 et
463 1099 715 1163 constructionem
738 1118 780 1162 ex
802 1099 944 1162 adverbiis
965 1099 1073 1162 habere
1089 1119 1147 1184 qua
1162 1101 1274 1164 rationo
1290 1101 1347 1164 dici
1361 1121 1416 1183 ρο·

248 1204 346 1278 tuerit,
373 1221 462 1266 nemo
483 1203 567 1265 facile
588 1201 759 1284 exputatum
783 1203 835 1266 scd
851 1203 960 1266 lrairrre
974 1221 1009 1266 oa
1024 1204 1167 1286 originem
1182 1223 1219 1266 ex
1235 1203 1416 1278 nominibus,

249 1307 486 1370 terminationem
501 1314 532 1369 et
546 1306 798 1370 constructionem
814 1305 1031 1381 adverbiomm,
1047 1325 1108 1370 non
1123 1316 1201 1370 certe
1213 1307 1341 1370 absurde
1353 1307 1418 1370 uie·

248 1419 314 1474 tum
329 1415 384 1473 est.
420 1408 512 1472 iiuito
533 1411 643 1474 rectius
664 1419 764 1473 tamen
780 1409 830 1482 iiii,
853 1429 981 1492 quomm
1005 1410 1150 1474 sententia
1165 1430 1200 1472 er
1216 1411 1276 1473 Oro
1291 1410 1419 1473 retertur

249 1513 280 1576 in
295 1512 494 1596 Etymoiogico
509 1511 546 1574 tt.
562 1531 591 1594 p.
608 1512 681 1586 ost,
696 1513 726 1587 o,
749 1506 929 1597 μεσότητος
951 1505 1162 1596 ἐπιρρήματα
1177 1513 1253 1577 dicta
1269 1532 1333 1577 esse
1348 1504 1420 1576 άπδ

248 1615 310 1680 τοῦ
335 1610 457 1696 μεταξδ
486 1603 572 1678 εἶναι
600 1606 764 1694 ὀνόματος
791 1610 847 1678 καὶ
869 1609 1092 1700 ρήμοτοςῑῡμ
1130 1635 1310 1700 quamquam
1337 1617 1418 1699 quod

250 1721 350 1784 statim
366 1719 493 1794 uoluitur,
510 1703 582 1782 οἷον
597 1708 669 1782 άπδ
683 1717 742 1782 τοῦ
756 1708 946 1805 φιλόσοφος
961 1711 1019 1780 καὶ
1034 1713 1233 1804 φιλοσόφως
1247 1715 1304 1781 aui
1319 1715 1419 1806 φιλο-

251 1823 347 1909 σοφοῖ
369 1823 424 1900 (sic
448 1823 528 1887 enim
554 1823 743 1886 scribendum
765 1831 810 1884 est
830 1840 883 1904 pro
899 1821 974 1904 vulg.
992 1812 1063 1884 άπδ
1083 1821 1144 1884 τοῦ
1165 1818 1342 1908 φιλοσοφῶ
1362 1817 1419 1885 καὶ

252 1921 443 2013 φιλόσοφος
457 1922 513 1990 καὶ
527 1920 747 2012 φιλοσόφως),
763 1943 863 2008 parum
880 1943 983 1988 rursus
998 1943 1066 1987 cum
1083 1925 1187 1988 ceteris
1201 1943 1333 1990 errorem
1349 1945 1421 2009 pro·

253 2030 304 2108 uit,
320 2030 485 2112 meritoque
500 2039 656 2112 propterca
676 2029 890 2114 reprehensum
906 2047 970 2092 esse
985 2027 1106 2092 dicitur:
1131 2027 1230 2090 τοῦτο
1254 2019 1344 2091 δὀδιι
1366 2021 1421 2094 ost

188 2151 190 2156 ·
254 2125 450 2216 ιδρλσιιιται,
474 2127 531 2196 διδ
551 2126 607 2195 soi
628 2123 926 2217 σεσυκοφάντηται·
949 2126 988 2193 cri
1013 2125 1075 2212 γάρ
1096 2123 1202 2206 καλῶς
1223 2127 1281 2193 καὶ
1303 2131 1422 2214 σαφοῦς

254 2235 342 2321 δήμα
364 2225 424 2298 oria
446 2227 514 2312 ἔχει
537 2235 786 2317 παρακείμενον.
821 2235 977 2298 Postremo
999 2228 1131 2316 βέλτιον
1148 2221 1215 2311 osia,
1239 2235 1344 2316 inquit,
1360 2252 1421 2320 σή-

254 2330 410 2420 μιιάαεις
433 2331 613 2424 ποιότητος
634 2327 720 2400 atra
741 2331 861 2411 καλεῖν,
889 2337 969 2420 quod
989 2356 1059 2402 sane
1076 2339 1261 2402 verissimum
1284 2347 1347 2416 τοῖς
1369 2339 1421 2402 aod

254 2449 356 2506 utmm
377 2461 411 2506 ea
432 2449 559 2516 tantum,
581 2445 662 2524 'quac
684 2439 714 2504 in
728 2442 766 2516 33}
779 2447 899 2514 exeunt,
920 2459 958 2504 an
972 2442 1060 2505 etium
1076 2441 1131 2506 alia
1146 2442 1316 2526 qualitatem
1332 2441 1422 2526 signi-

255 2544 371 2610 iicuntia
395 2537 578 2630 μτσδτήτος
600 2538 812 2630 ἐπιρρήματα
826 2543 948 2608 dicenda
963 2544 1033 2620 siut,
1059 2553 1090 2608 ct
1104 2545 1177 2609 hacc
1191 2545 1253 2628 ipsa
1268 2547 1423 2629 appellatio

256 2667 345 2733 quam
360 2647 399 2712 oir
413 2667 532 2712 causam
548 2647 584 2710 iis
599 2647 690 2712 indita
704 2647 743 2711 sit
757 2665 819 2710 non
833 2649 1001 2712 edocemur.
1028 2649 1166 2712 Ceterum
1182 2649 1336 2732 utriusque
1352 2650 1422 2732 Ety-

257 2751 403 2833 moiogici
429 2750 523 2833 iiagni
535 2759 566 2814 et
580 2751 716 2826 Gudiani,
742 2751 966 2834 compositores,
993 2753 1061 2817 licet
1076 2753 1132 2836 ipsi
1148 2771 1339 2817 communem
1355 2771 1423 2816 cum

257 2855 362 2918 ceteris
374 2853 526 2936 Byzantios
541 2853 660 2918 scholae
672 2854 818 2935 magistris
830 2871 963 2917 errorem
979 2871 1040 2916 non
1055 2855 1146 2916 semol
1159 2855 1424 2936 profiteamurtt),

257 2959 348 3022 niiriio
370 2957 467 3020 miuus
487 2966 587 3020 tamen
608 2957 684 3029 aiibi,
711 2957 849 3021 meliores
869 2957 980 3020 scilicet
995 2965 1129 3021 auctores
1143 2959 1248 3033 secuti,
1273 2957 1426 3040 complura

258 3078 319 3124 nou
333 3059 364 3124 iu
380 3064 417 3134 ῖς
435 3059 569 3124 exeuntia
590 3053 772 3145 μεαάτήτος
793 3051 1006 3143 ἐπιρρήματα
1028 3055 1142 3132 voc‘ant,
1163 3061 1242 3123 reiut
1264 3049 1382 3144 άΐγδήν
1396 3066 1427 3122 st

259 3155 446 3248 σοναῒγδήν,
469 3152 576 3225 αἰτέων
598 3171 628 3225 et
650 3151 742 3244 άκήν,
771 3161 818 3243 [ci.
833 3159 927 3224 seiroi.
944 3163 977 3223 n.
993 3160 1039 3224 οδ.
1055 3161 1088 3224 11.
1104 3161 1152 3233 lii,
1167 3161 1229 3242 λλ]
1252 3155 1338 3236 άλις,
1361 3151 1427 3242 άμ-

259 3259 408 3351 φδτερον,
432 3255 608 3350 άπριάτήν,
632 3254 770 3344 άτριιιδς,
787 3255 914 3338 αὐτίκα,
931 3253 1023 3346 δίμαρ
1045 3263 1092 3342 [ei.
1108 3263 1200 3326 schol.
1217 3263 1264 3325 οδ.
1280 3263 1311 3324 ii.
1328 3263 1350 3338 1,
1363 3263 1425 3325 otu

259 3365 290 3429 in
305 3367 402 3430 (iram.
418 3365 525 3428 anem.
542 3365 608 3428 i’ar.
625 3365 674 3428 lii.
690 3385 719 3448 p.
736 3365 807 3444 369]
829 3355 989 3450 άψορρον,
1011 3357 1178 3441 ἐπιδέξια,
1200 3355 1330 3451 διτιμάξ,
1353 3357 1425 3441 δάξ,

262 3457 376 3546 άλλάξ,
399 3457 548 3544 huores,
571 3455 616 3542 τά,
639 3459 711 3553 ήχῇ,
736 3454 809 3551 riae,
831 3460 941 3547 μόλις,
960 3459 1078 3548 μακρά,
1095 3457 1156 3546 δχα
1170 3475 1201 3530 et
1214 3457 1321 3544 ἔξοχα,
1338 3484 1429 3548 παγ-

262 3567 338 3656 γινή
364 3575 416 3633 aut
444 3561 609 3649 παγγινιλ,
639 3569 778 3647 nonest
796 3579 828 3634 et
849 3561 1034 3650 παννάχιον,
1061 3561 1167 3654 σάφα,
1190 3568 1281 3654 σιγῇ,
1303 3569 1427 3653 σιωπῇ,

260 3667 403 3760 σπονδή,
429 3664 623 3756 συλλήβδην,
650 3663 785 3750 τριχθά,
813 3661 998 3756 ὑπέρμορα,
1021 3661 1163 3753 δπόδρα,
1187 3663 1322 3748 δοιατα,
1347 3655 1427 3744 ιδκα,

261 3781 296 3840 ut
317 3765 383 3840 ολιιδ
405 3774 437 3838 in
450 3773 543 3838 ochoi.
563 3775 600 3838 ad
615 3773 648 3840 ii.
663 3773 738 3850 xiv,
755 3773 828 3850 418,
853 3773 1036 3860 ποααήμαρ
1056 3783 1088 3839 et
1109 3765 1252 3860 δννήμαρ
1274 3772 1311 3836 ad
1325 3771 1428 3848 XXIV,

264 4007 310 4066 δτι
322 4011 418 4078 τοῦτο,
431 4008 582 4081 ποιότητος
593 4007 662 4067 ὄντα
673 4008 821 4080 «inimicari,
834 4007 885 4066 οδιι
896 4005 933 4067 δν
944 4012 1058 4082 taluam
1068 4009 1237 4084 μιαδτητοι·
1255 4007 1289 4066 οδ
1300 4007 1357 4082 γάρ
1369 4005 1429 4064 unt

263 4097 383 4167 γινιιιιῑν
407 4097 481 4150 rictu
505 4091 655 4167 ὀνομάτων
673 4095 779 4167 μιταεδ
799 4099 936 4167 νιινμιννιν
956 4093 1114 4171 δραινιιιδν
1131 4095 1178 4149 ani
1199 4096 1337 4163 οηλνιιῦν.
1368 4093 1429 4148 Ιῑοιι

266 4195 291 4246 ιι.
305 4180 368 4233 0³8:
381 4183 408 4234 at
418 4197 444 4232 τι
456 4175 619 4250 μιαάτιμοτ,
630 4182 715 4234 τοῦτο
727 4181 773 4234 aot
787 4177 951 4246 ποιότητος·
965 4175 999 4235 ori
1011 4179 1042 4234 τδ
1054 4175 1206 4235 άνάνιιιλιν.

334 4265 376 4330 25)
394 4263 471 4332 Vuis.
488 4261 615 4336 δνδματιι
631 4267 676 4318 arni
689 4264 815 4340 ῥήματα,
832 4267 897 4335 quot
910 4267 1088 4332 corrigentium
1099 4281 1158 4320 csso
1169 4267 1261 4318 durium
1274 4263 1430 4334 setestatus

270 4349 376 4416 noscit,
389 4349 512 4416 probante
524 4349 779 4418 crustuminum
791 4361 818 4404 et
830 4351 924 4404 orione
937 4368 960 4419 ρ.
974 4352 1015 4404 ott.

334 4433 378 4499 λδ)
396 4433 481 4504 usqu.
498 4433 533 4488 ii.
551 4451 575 4502 ρ.
593 4435 635 4501 to,
651 4438 693 4490 tt.
719 4435 776 4502 tta,
793 4435 837 4488 42.
861 4435 921 4502 ost,
933 4439 957 4490 9.
983 4437 1042 4502 785,
1055 4437 1096 4490 to.
1120 4437 1205 4508 Etyn.
1219 4433 1283 4488 Gari.
1296 4450 1319 4503 ρ.
1331 4435 1374 4500 tt,
1386 4435 1429 4487 δῦ.

268 4519 327 4586 ιιι,
339 4519 381 4572 ιο.
404 4517 653 4587 οιιιτμιιιοι.
666 4521 737 4574 nan.
751 4518 1161 4589 ucrsmnnnsuoonrp.
1174 4520 1290 4588 unas.
