3186 4958
129 645 203 721 657,
217 644 330 728 aliaque
343 645 422 722 alibi,
439 665 567 729 quorum
583 644 716 728 exempla
731 644 882 708 cumulare
902 644 974 706 nilril
989 643 1166 723 attinent).
1202 643 1298 706 Etiam
1368 713 1370 716 ,

128 749 303 812 Theodorus
330 750 406 812 Gaza
432 749 524 832 pilli
550 741 697 834 xcqude,
726 742 896 830 ptores-dds
929 741 1090 832 olysipona
1116 738 1300 831 μεσότητος

129 843 341 936 ἐπιρρήματα
363 851 460 914 dicere
475 851 608 926 rideturs
631 869 812 932 quamquam
829 850 923 912 oratio
938 850 1002 912 eius
1016 850 1152 930 amliigua
1167 859 1222 912 ost.

213 955 279 1018 Jam
300 953 324 1016 si
344 954 381 1016 de
396 954 525 1016 nominis
540 961 660 1016 auctore
676 954 855 1034 quaerimus,
872 952 1028 1014 corumode
1043 953 1121 1034 apud
1138 952 1297 1034 lliogeuem

129 1057 278 1120 Laertiurn
291 1055 404 1130 lutat
416 1057 604 1138 Antipatrum
617 1055 699 1118 illum
711 1055 939 1118 commemorari
952 1055 1094 1123 silicinus.
1110 1055 1298 1126 Tarsensem,

75 1179 76 1182 ¹
131 1160 247 1224 Stoicae
272 1170 368 1222 seclae
393 1159 614 1240 philosophum,
641 1159 778 1238 Diogenis
799 1157 947 1238 llalqlonii
970 1157 1144 1228 auditorem,
1170 1157 1299 1219 Panaetii

130 1260 369 1344 magistrumn).
399 1263 486 1326 llunc
499 1262 578 1324 enim
594 1262 641 1324 ille
655 1261 691 1324 ad
707 1261 839 1342 quinquo
854 1270 953 1342 partes
969 1259 1111 1323 orationis
1122 1279 1138 1320 a
1151 1259 1298 1342 prioribus

132 1365 239 1428 Stoicis
255 1365 431 1428 constitutas
445 1373 559 1428 sextam
575 1363 721 1426 addidisse
737 1365 829 1426 relert
843 1359 901 1447 τήν
914 1357 1091 1446 μεσότητα,
1113 1363 1143 1425 in
1165 1381 1223 1444 qua
1239 1379 1299 1426 nou

131 1469 254 1531 dubium
269 1476 316 1530 est
330 1467 402 1550 quin
417 1467 552 1530 aelrerlria
567 1467 709 1550 posuerit,
727 1485 786 1529 non
809 1467 929 1548 quidem
945 1467 1054 1534 oninia.
1070 1483 1263 1549 quaecunque
1281 1481 1300 1552 a

131 1571 331 1655 grammaticis
347 1571 376 1634 in
392 1571 534 1634 adverbiis
550 1580 753 1643 numerantur,
770 1570 821 1632 sed
834 1589 866 1632 ca
879 1576 988 1644 lamen,
1005 1589 1132 1652 quorum
1145 1569 1188 1632 ris
1199 1579 1228 1630 et
1239 1568 1300 1650 sig·

131 1676 260 1740 nificatio
286 1675 322 1738 ad
348 1675 482 1748 actionis,
509 1693 597 1755 quam
614 1674 737 1736 verbum
758 1673 874 1747 indicat,
900 1675 1052 1736 notionem
1074 1673 1213 1757 pertinet,
1239 1672 1300 1735 sire
1393 1756 1396 1760 ¹

100 1785 103 1791 “
132 1779 229 1843 locum
246 1777 310 1842 eius
324 1778 448 1842 actionis
462 1777 523 1841 silo
537 1787 656 1860 tempus
671 1777 731 1840 rire
748 1779 919 1858 qualitatem
934 1778 995 1840 sire
1010 1778 1216 1859 quantitatem,
1237 1777 1302 1838 ire-

133 1881 295 1964 quontiam,
311 1881 510 1943 intensitalem
527 1881 680 1944 deliniunt.
705 1881 816 1943 llorurn
829 1881 907 1944 oraim
925 1898 1014 1944 onrne
1029 1899 1131 1962 genos,
1148 1879 1302 1962 perpaucis

133 1984 309 2066 quibusdam
325 1985 452 2046 tortasse
468 1983 606 2064 exceptis,
622 1982 755 2064 quamtis
767 1982 846 2044 roric
860 1983 1031 2055 formatum,
1047 1982 1188 2062 originem
1201 1991 1302 2044 tanuen

133 2087 241 2168 parlim
256 2107 272 2150 a
288 2085 459 2148 nominibus
475 2093 526 2148 aut
540 2085 768 2170 pronominibus
784 2085 890 2166 partim
902 2104 918 2146 a
930 2083 1025 2146 reatris
1038 2084 1134 2152 lialrol,
1151 2101 1302 2164 quumque

133 2189 258 2273 proinde
283 2189 371 2252 etiam
394 2188 634 2270 significationem
657 2205 726 2252 cum
748 2187 804 2260 liis,
830 2187 909 2250 unde
925 2196 989 2250 orta
1004 2197 1085 2258 sunt,
1111 2203 1303 2248 communem

134 2295 270 2366 hausant,
295 2293 411 2356 divorso
437 2301 537 2355 lamen
552 2293 589 2356 alr
614 2293 749 2374 utrisque
776 2291 866 2354 modo
887 2291 962 2354 hano
981 2287 1225 2370 signitieationem
1241 2289 1304 2351 elo·

134 2407 274 2482 quantur.
282 2397 391 2480 quippo
401 2415 492 2478 quum
503 2395 531 2458 in
541 2397 710 2460 noriiioilrua
718 2417 753 2458 ac
762 2393 989 2479 pronominibus
999 2393 1305 2476 seropersulsstanliae

135 2503 267 2574 alicuius,
282 2502 312 2564 in
325 2499 419 2564 uerbis
430 2509 540 2572 autem,
556 2519 632 2583 quoe
643 2500 764 2583 proprie
775 2500 923 2572 dicuntur,
939 2498 1029 2560 etiam
1042 2517 1183 2578 personae
1195 2515 1306 2580 quam-

133 2607 177 2670 vis
193 2605 342 2670 indefinita
353 2604 437 2668 notio
452 2604 531 2678 insit,
548 2604 594 2667 illa
611 2613 712 2668 contra
728 2604 800 2667 nillil
816 2603 872 2667 nisi
887 2611 938 2667 aul
952 2603 1076 2665 actionis
1091 2613 1142 2665 aot
1156 2603 1305 2684 qualitatis

136 2709 259 2782 notioni,
282 2727 357 2789 quae
376 2707 406 2770 io
421 2706 517 2769 vertis
532 2715 583 2770 aut
598 2707 769 2770 nominibus
784 2707 871 2779 inest,
893 2707 1004 2770 nullam
1020 2707 1102 2788 quasi
1117 2717 1169 2769 aut
1184 2706 1240 2769 loci
1255 2713 1306 2769 aut

137 2811 278 2894 temporis
301 2819 353 2873 aut
367 2809 516 2892 qualitatis
530 2818 582 2873 aut
596 2811 767 2892 quantitatis
784 2803 986 2874 ‹lelrnitionem
1001 2809 1119 2879 addant,
1134 2829 1168 2872 ac
1182 2809 1306 2891 proinde

137 2933 234 2996 neque
249 2932 335 2978 casus
351 2931 449 2994 neque
464 2931 605 2976 numeros
620 2913 757 2978 habeant.
780 2913 847 2976 tlon
863 2913 962 2994 inepte
973 2913 1061 2994 igitur
1071 2913 1307 2995 antipatertnec

138 3034 235 3098 neque
261 3017 292 3078 in
316 3015 486 3078 nominibus
513 3033 609 3096 nequo
635 3016 664 3078 in
685 3016 782 3079 serbis
802 3016 952 3078 numerari
973 3016 1073 3086 uoluit,
1099 3015 1151 3078 sed
1173 3017 1306 3079 aredium

138 3119 287 3202 quoddam
309 3137 402 3199 genus
419 3137 483 3180 osse
498 3117 611 3192 statuit,
636 3119 725 3200 idque
741 3119 839 3203 ipsum
860 3113 1043 3203 μεσότητος
1057 3118 1178 3180 nomine
1194 3119 1307 3200 signiti-

138 3221 223 3294 cavit,
238 3221 317 3302 quod
334 3220 542 3284 nomenatiam
558 3239 575 3284 a
590 3222 794 3310 grammaticis
803 3231 953 3304 receptum
969 3230 999 3284 et
1014 3221 1225 3284 edoctiorihus
1240 3220 1308 3304 qui·

138 3323 205 3385 dem
231 3321 268 3385 de
294 3323 376 3386 omni
401 3322 451 3387 illo
470 3341 576 3404 genere
599 3331 775 3407 usurpatum
798 3343 863 3386 csse
883 3323 1026 3386 videmus.
1056 3323 1114 3386 Sed
1131 3321 1308 3386 indoctiores

137 3424 278 3506 Byzantii,
305 3442 404 3486 reram
427 3423 557 3486 nominis
577 3423 722 3486 rationem
743 3427 922 3505 ignorantes,
944 3443 1038 3507 quum
1059 3425 1199 3507 pleraque
1222 3425 1309 3488 huius

138 3526 253 3608 generis
272 3525 303 3588 in
319 3525 356 3600 ῖς
370 3525 448 3588 exire
470 3525 611 3600 viderent,
634 3524 663 3588 in
679 3527 769 3588 istum
800 3543 889 3607 quem
915 3527 1013 3590 notari
1038 3545 1171 3590 errorent
1198 3526 1309 3590 inducti

138 3635 218 3701 sont,
241 3645 275 3689 oc
294 3627 362 3691 licet
384 3625 488 3689 ceteris
508 3625 715 3690 arlserblorom
736 3629 892 3708 generibus
913 3629 1052 3692 omnibus
1066 3649 1082 3692 a
1097 3629 1309 3709 significatione

139 3730 260 3794 nomina
276 3729 473 3814 imponerent,
488 3728 544 3790 alia
564 3723 691 3791 τοπικά
706 3729 761 3792 alia
775 3724 894 3810 χρόνου
907 3730 962 3794 alia
977 3725 1159 3816 ποιότητος
1173 3733 1228 3796 alla
1242 3750 1309 3795 πο-

139 3827 278 3917 σότητος
300 3831 355 3896 alia
375 3829 575 3913 συγκρίσεως
594 3831 648 3894 alia
663 3825 788 3908 τάξεως
808 3832 863 3896 alia
878 3833 1005 3916 denique
1019 3833 1106 3897 aliter
1118 3833 1311 3916 appellantes,

142 3971 199 3984 -
203 3970 333 3986 -ο-ιᾱ

208 4049 252 4114 tlt
271 4050 297 4103 ln
310 4047 420 4118 Etymol.
432 4047 467 4100 u.
482 4063 506 4114 p.
517 4049 576 4113 580,
591 4049 622 4102 td
634 4057 660 4103 et
672 4047 739 4102 oet.
752 4049 843 4116 past,
855 4050 889 4104 tu
900 4051 977 4104 etlam
989 4051 1152 4122 μίντοογο
1164 4049 1308 4122 ΙοΙρρρμι

139 4131 296 4203 μεσότητος
312 4135 416 4196 dieitur,
431 4133 497 4186 miro
510 4141 537 4186 st
549 4135 592 4186 vis
605 4133 748 4187 excusabili
760 4149 858 4188 errore.
882 4133 945 4188 Naar
956 4135 1089 4207 pdrroeye
1102 4137 1128 4189 ls
1140 4136 1313 4208 oor’ddopoee

140 4219 279 4272 labendum
296 4233 355 4271 esse
366 4219 488 4270 nentem
501 4215 589 4284 ingere
601 4227 697 4285 potest,
715 4235 794 4288 nequa
806 4219 884 4274 aliter
895 4229 1051 4275 assuero-t
1061 4221 1131 4274 docti
1142 4223 1312 4288 sunnine

141 4305 200 4358 vlt.
214 4304 324 4375 llespet.
338 4301 358 4355 ll
371 4319 395 4370 ρ.
409 4303 469 4357 tlt.
488 4301 606 4368 Apollas.
619 4304 650 4355 tle
662 4305 730 4358 cont
743 4321 767 4373 ρ.
778 4307 839 4372 ild,
854 4309 894 4360 ld.

209 4389 252 4454 28)
270 4387 308 4441 (ll.
330 4387 362 4441 G.
384 4386 520 4454 Welgssd.
541 4387 604 4440 diss.
626 4389 658 4440 sle
679 4391 816 4458 Antipatro
836 4392 891 4447 stt.
912 4399 939 4446 st
957 4389 1076 4463 noent.
1098 4391 1218 4459 (vestiet.
1232 4393 1310 4460 idid)

148 4489 167 4526 a.
181 4473 212 4526 tu
224 4489 263 4542 sq.
280 4473 341 4526 Che.
354 4471 486 4540 l’eteeus,
497 4473 530 4524 to
542 4472 687 4544 eupoleos
699 4490 724 4543 τ.
736 4477 796 4531 ttl.
876 4493 882 4505 ·
