3266 4958
153 651 354 719 romanaeque
373 636 572 720 cognitionem
590 637 819 720 profiterentur,
839 636 948 720 quippe
968 656 1062 720 quum
1078 649 1227 706 consuat
1241 642 1320 726 apud

153 745 316 823 utrumque
336 742 481 824 populum
496 759 617 806 summo
632 742 664 804 in
679 739 748 804 odio
762 739 854 804 luisse
869 741 983 823 regium
997 741 1171 826 imperium,
1191 754 1222 809 et
1236 754 1319 809 tanto

153 859 203 904 res
224 860 329 906 eorum
344 843 518 908 illustriores
531 853 621 926 atque
636 843 822 908 florentiores
837 841 928 905 luisse
944 855 1057 926 quanto
1072 848 1184 913 maiore
1197 858 1321 912 uteren-

153 953 203 1009 tur
216 945 362 1012 libertate.
392 947 510 1011 Scilicet
523 947 566 1010 sic
578 947 676 1010 solent
689 946 752 1009 lere
766 946 903 1009 homines
918 946 955 1009 de
969 947 1057 1011 rebus
1072 967 1134 1013 non
1147 951 1218 1014 satis
1228 969 1317 1016 accu-

153 1057 215 1114 rate
230 1058 262 1114 et
275 1050 361 1133 quasi
376 1050 457 1114 intus
472 1050 597 1132 coguitis
612 1057 724 1114 temere
740 1049 895 1132 opiniones
910 1049 966 1112 sibi
980 1051 1151 1127 informare,
1166 1073 1320 1138 quumque

152 1152 249 1235 aliqua
269 1153 450 1218 Graecorum
470 1162 501 1216 et
514 1153 717 1218 llomanorum
738 1153 843 1218 notitia
864 1153 980 1236 pueruli
1001 1155 1032 1218 in
1050 1155 1159 1220 scholis
1178 1175 1240 1222 non
1261 1159 1320 1222 inr-

64 1279 67 1290 ·
152 1255 218 1319 buti
231 1256 283 1319 sed
300 1255 402 1320 leviter
415 1256 506 1320 modo
522 1257 606 1322 tincti
620 1257 691 1332 sint,
706 1275 860 1340 unumque
875 1265 927 1320 aut
936 1257 1063 1322 alterum
1075 1261 1181 1324 veteris
1192 1263 1321 1344 scripto·

150 1359 192 1422 ris
206 1359 315 1424 librum
326 1367 378 1423 aut
388 1360 453 1424 libri
464 1361 637 1443 particulam
649 1361 782 1444 legerint,
797 1361 857 1425 iam
867 1361 939 1425 satis
950 1382 982 1426 se
994 1362 1118 1426 idoneos
1129 1383 1193 1428 esse
1204 1375 1320 1447 putant,

149 1461 202 1544 qui
221 1461 258 1526 da
278 1470 412 1528 veterum
432 1464 522 1529 rebus
541 1465 646 1529 iudicia
665 1474 815 1548 promant.
852 1466 909 1540 Qui
931 1475 1030 1529 autem
1051 1465 1221 1530 interiorem
1240 1470 1320 1534 anti·

148 1565 269 1646 quitatis
288 1567 490 1650 cognitionem
512 1567 630 1633 assidam
650 1577 680 1632 et
700 1569 829 1650 diligenti
852 1567 1174 1650 praestantissimorum
1196 1571 1320 1635 histori-

148 1685 253 1733 corum
265 1678 296 1733 et
307 1671 553 1754 pbilosophorum
565 1671 691 1746 lectione
702 1681 816 1754 partam
828 1671 946 1746 babent,
959 1671 1066 1735 borum
1079 1673 1126 1735 rir
1138 1691 1319 1756 quemquam

148 1769 213 1836 iore
228 1781 386 1855 putamus,
406 1775 479 1858 quin
493 1775 531 1840 de
545 1776 726 1839 Graecorum
741 1775 1005 1856 Romanorumque
1021 1775 1154 1839 libertate
1169 1777 1321 1860 rebusque

150 1873 274 1958 publicis
289 1877 375 1959 longe
390 1879 474 1942 aliter
488 1896 578 1959 quarn
593 1877 634 1940 illl
648 1877 804 1940 semidocti
818 1877 936 1940 sentiat.
960 1875 1052 1939 blulta
1067 1878 1195 1942 Graecos
1209 1880 1321 1944 lloma-

153 1993 281 2060 nosque,
294 1997 386 2062 quum
399 1997 517 2043 summa
527 1977 661 2042 libertate
671 1978 850 2053 buerantur,
861 1979 1009 2060 praeclare
1018 1981 1154 2062 gessisse,
1166 1981 1321 2064 ipsamque

154 2079 235 2144 illam
259 2080 426 2146 libertatem
453 2099 594 2164 magnum
614 2081 706 2146 luisse
727 2081 906 2164 optimarum
925 2081 1035 2146 artium
1056 2083 1210 2146 stimulum
1232 2093 1321 2167 atque

153 2182 389 2260 incitamentum,
405 2185 435 2248 id
449 2203 522 2249 sane
532 2201 588 2250 nec
599 2202 656 2248 nos
666 2203 810 2266 negamus
822 2203 919 2266 neque
929 2204 947 2248 a
958 2203 1110 2267 quoquam
1122 2189 1222 2270 negari
1233 2207 1323 2272 posse

80 2297 82 2301 ’
154 2287 355 2350 concedimus.
381 2288 420 2350 dt
433 2289 584 2350 enimvero
600 2287 742 2350 lubricam
754 2286 831 2350 banc
841 2295 872 2350 et
883 2287 1040 2369 ancipitem
1053 2289 1218 2353 libertatem
1230 2293 1323 2355 luisse

154 2388 377 2462 contendimus,
400 2408 435 2452 ex
456 2407 514 2470 qua
533 2407 602 2452 cum
623 2389 711 2453 bonis
732 2390 821 2452 etiam
841 2390 917 2452 mala
940 2399 1029 2474 atque
1051 2391 1241 2456 incommoda
1260 2413 1323 2458 non

154 2492 292 2575 pauciora
312 2500 539 2576 promanarent,
559 2511 709 2576 quamque
729 2492 794 2556 sine
813 2493 924 2582 damno
946 2493 1053 2558 babere
1074 2495 1173 2558 nullus
1194 2497 1322 2579 populus

154 2595 211 2660 uisi
225 2596 262 2660 ad
277 2596 365 2660 breve
379 2605 498 2678 tempus
512 2595 656 2678 potuerit,
675 2596 789 2660 tamdiu
803 2595 928 2670 scilicet,
944 2597 1087 2680 quamdiu
1100 2619 1133 2662 se
1149 2599 1270 2682 dignum
1285 2619 1321 2664 en

154 2708 318 2784 praestaret
337 2717 497 2783 veramque
516 2699 682 2764 libertatem
702 2697 740 2762 ab
758 2699 823 2763 eius
843 2700 916 2762 lalsa
937 2709 967 2763 et
986 2701 1080 2764 laliaci
1095 2703 1193 2784 specie
1208 2704 1321 2769 discer-

153 2811 253 2879 neret,
274 2803 303 2866 id
323 2803 404 2884 quod
424 2803 559 2866 omniurn
578 2802 785 2866 difficillimum
804 2822 839 2866 ac
854 2803 1039 2866 rarissimum
1055 2823 1122 2868 esse
1135 2815 1167 2868 ct
1180 2806 1321 2873 historiae

153 2905 287 2990 exempla
302 2905 454 2970 decentet
468 2914 579 2968 veteres
593 2905 755 2987 scriptores
769 2904 979 2988 sapientissimi
999 2923 1060 2970 uno
1080 2925 1132 2970 ore
1144 2920 1321 2991 queruntur.

153 3009 230 3072 llam
246 3028 318 3090 ¹rere
337 3007 455 3090 quidem
476 3007 594 3071 libertas
614 3008 645 3071 in
660 3027 696 3070 eo
710 3017 828 3071 tautum
843 3017 972 3082 constat,
991 3017 1026 3072 ut
1039 3028 1129 3072 suum
1145 3013 1252 3094 cuique
1268 3015 1322 3078 tri·

154 3109 278 3185 buatur,
298 3109 357 3174 boc
376 3119 422 3173 cst
441 3117 587 3190 utaequa
608 3109 648 3172 sit
666 3109 738 3173 iuris
757 3109 925 3174 distributio
940 3130 995 3192 pro
1011 3111 1154 3194 cuiusque
1169 3114 1322 3196 dignitate,

154 3221 186 3278 et
211 3231 281 3276 eum
302 3211 429 3296 quisque
446 3211 478 3275 in
497 3230 530 3276 re
551 3211 665 3294 pubbca
684 3213 783 3276 locum
805 3211 954 3287 obtineat,
980 3231 1041 3297 quo
1061 3235 1093 3278 se
1113 3217 1237 3297 dignum
1256 3237 1323 3283 csse

154 3315 348 3400 praestiterit,
377 3314 429 3377 sed
450 3314 487 3378 de
507 3314 569 3398 ipsa
589 3315 645 3378 bac
663 3313 818 3397 dignitate,
845 3333 906 3398 quo
926 3317 1017 3382 modo
1038 3318 1187 3382 aestimari
1207 3319 1324 3397 debeat,

154 3437 297 3502 perquam
320 3417 438 3482 dilllcile
458 3424 506 3482 est
523 3416 679 3492 iudicium,
702 3435 797 3502 quum
811 3418 859 3482 alii
873 3419 981 3483 auitam
996 3422 1111 3504 generis
1126 3421 1324 3501 nobilitatem,

154 3521 204 3588 alii
219 3521 351 3598 divitias,
370 3521 418 3585 alii
433 3520 571 3585 virtutem
587 3527 703 3584 tanturn
719 3529 749 3584 ot
764 3521 951 3604 prudentiam
967 3525 1093 3606 spectari
1109 3527 1227 3604 volunt,
1243 3529 1325 3593 unde

155 3625 291 3691 lierinon
302 3633 401 3709 potest
411 3623 485 3708 quin
495 3623 667 3700 discordiae,
679 3625 842 3688 certamina
854 3625 1018 3710 turbaeque
1028 3628 1184 3694 intestinae
1196 3649 1325 3697 nascan-

154 3739 221 3807 tur,
247 3730 355 3812 quibua
379 3729 491 3794 nullam
512 3745 574 3791 non
593 3728 741 3792 civitatem
761 3737 891 3792 veterem
913 3749 1090 3795 concussam
1112 3731 1273 3798 identidem
1294 3745 1325 3799 et

155 3836 313 3900 laceratam
335 3833 478 3898 videmus.
509 3831 561 3896 llis
581 3829 793 3895 certaminibus
813 3831 908 3896 sicubi
928 3851 1048 3908 eorum,
1071 3833 1122 3916 qui
1136 3844 1187 3899 aut
1200 3847 1325 3920 propter

155 3936 338 4003 nobilitatem
354 3942 405 4000 aul
415 3942 537 4019 propter
546 3933 661 3998 divitias
672 3933 903 4016 praevaluerant,
918 3935 1050 4018 potentia
1062 3937 1154 4001 tracta
1165 3948 1239 4016 erat,
1254 3959 1324 4005 rere

155 4049 187 4105 et
199 4040 277 4105 iusta
290 4037 409 4104 libertas
423 4038 454 4102 b.
470 4057 497 4102 e.
512 4035 584 4101 iuris
597 4036 788 4120 aequabilitas
799 4036 1012 4121 aliquantisper
1022 4039 1150 4104 iortasse
1161 4042 1323 4121 observari,

155 4161 329 4230 permanere
347 4151 448 4207 auum
468 4141 519 4205 diu
538 4157 686 4222 nusquam
707 4139 814 4222 potuit
845 4141 923 4204 ilibil
937 4141 1017 4206 enim
1032 4143 1118 4207 citius
1132 4163 1168 4208 ac
1181 4145 1325 4228 trequen-

155 4249 215 4313 tius
226 4245 289 4312 lieri
299 4245 384 4324 sobet,
400 4262 490 4329 quarn
501 4251 537 4308 ut
547 4239 695 4326 dignitatis
705 4259 777 4306 suae
788 4241 912 4308 modum
924 4243 988 4327 ipse
998 4244 1055 4310 sibi
1066 4245 1192 4330 quisque
1201 4259 1325 4326 statmt,
1396 4283 1406 4292 ,

155 4371 254 4438 noque
271 4357 422 4437 praestare
441 4347 498 4414 sibi
516 4347 592 4412 alios
610 4363 707 4430 aequo
726 4345 827 4411 auium
845 4346 936 4424 ierat,
956 4348 1010 4413 sed
1024 4366 1127 4434 parem
1140 4351 1199 4417 sibi
1212 4351 1324 4432 locam,

155 4473 210 4542 prr
225 4456 274 4524 lus
295 4473 366 4524 oum
385 4453 519 4542 quobbet
531 4449 589 4520 dio
604 4447 705 4516 deberi
719 4448 863 4532 elamitae
882 4469 1036 4538 quumque
1049 4453 1148 4622 mppr
1159 4475 1280 4545 semper
1292 4458 1326 4526 qn
