3186 4958
201 1334 260 1428 DE
291 1332 417 1430 tutis
449 1332 712 1442 QUIBUSDAM
742 1331 894 1428 tuctu
927 1333 1014 1425 Vll.
1048 1330 1315 1428 tutttcotttt

181 1563 278 1646 Taciti
300 1580 388 1644 ritam
408 1577 558 1661 Agricolae
579 1597 676 1661 nuper
695 1599 711 1644 a
733 1578 879 1642 l'riderico
901 1579 1009 1642 liciteio
1029 1578 1209 1660 recognitam
1229 1587 1260 1642 ot
1277 1597 1345 1662 por·

180 1691 268 1766 petua
296 1683 487 1748 annotatione
511 1683 685 1746 illustratam
715 1691 920 1766 percurrentes
939 1691 1106 1766 opportune
1129 1683 1274 1746 admoniti
1293 1701 1346 1745 su·

180 1805 248 1850 mus
268 1787 438 1849 notularum
459 1784 643 1869 quarundam
663 1784 734 1847 olim
756 1803 772 1846 a
792 1784 878 1846 nobis
899 1785 928 1846 in
952 1785 1116 1848 adversaria
1136 1787 1346 1860 coniectorum,

180 1909 305 1972 quarum
322 1907 381 1952 una
395 1899 484 1972 atque
498 1888 589 1952 altera
605 1887 702 1971 paullo
718 1888 882 1950 accuratius
893 1888 1064 1968 explicanda
1076 1889 1133 1950 lum
1146 1888 1346 1971 prooemiandi

179 1991 298 2073 negotio
318 1991 439 2072 delungi
457 1991 521 2054 sine
542 2007 647 2072 magna
669 1990 805 2054 molestia
826 2010 912 2073 posse
936 1991 1113 2052 videremur.
1144 1991 1247 2072 Neque
1268 1991 1346 2054 enirn

179 2093 209 2157 in
225 2101 367 2177 promptu
382 2099 446 2156 erat
456 2093 511 2156 elia
522 2091 620 2176 aptior
631 2091 802 2156 huiusmodi
815 2091 968 2175 scriptioni
981 2093 1112 2165 materia,
1127 2103 1178 2156 aut
1193 2113 1268 2174 quae
1280 2111 1347 2176 per·

180 2195 299 2262 tractari
318 2195 445 2259 breviori
465 2203 600 2278 tompore
621 2203 729 2278 posset.
765 2195 963 2258 llelibabimus
987 2194 1076 2276 igitur
1090 2195 1202 2277 aliquot
1217 2194 1299 2258 loeas
1313 2215 1347 2258 ex

180 2317 286 2362 eorum
307 2316 447 2374 numero,
468 2298 505 2360 de
525 2315 654 2381 quorum
676 2303 728 2362 aut
741 2298 952 2361 emendatione
966 2307 1018 2362 aut
1032 2298 1274 2380 interpretatione
1289 2315 1348 2362 non

180 2402 384 2466 consentimus
409 2421 478 2466 cum
504 2417 618 2486 nupero
643 2401 766 2476 editore,
793 2402 844 2484 qui
871 2401 1003 2484 quamuis
1031 2402 1155 2464 omnino
1180 2409 1347 2486 susceptam

180 2505 360 2592 provinciam
379 2505 494 2588 egregie
513 2503 762 2574 administraverit
782 2515 955 2588 pastamque
978 2505 1091 2568 slmlurn
1115 2505 1186 2568 beni
1205 2504 1299 2568 critici
1318 2513 1348 2567 et

179 2609 306 2672 sollertis
327 2607 495 2692 interpretis
517 2605 633 2670 laudem
654 2607 743 2670 etiam
764 2608 821 2671 boc
848 2627 938 2693 opere
958 2609 1051 2672 tuitus
1070 2609 1124 2683 sit,
1150 2608 1180 2670 in
1200 2607 1348 2671 nonnullis

179 2720 279 2774 manco
293 2730 310 2775 a
325 2729 407 2787 rere,
422 2717 474 2776 aut
488 2711 525 2775 ab
536 2730 572 2774 co
583 2721 662 2776 certe
675 2711 755 2794 quod
771 2729 827 2774 nos
838 2731 942 2776 rerum
953 2731 1018 2776 osse
1031 2721 1181 2795 putamus,
1195 2710 1346 2774 aberrasse

181 2813 306 2878 videtur.
388 2871 391 2878 ,

144 2973 145 2978 ,
267 2919 336 3004 Cap.
362 2917 410 2994 lli,
442 2919 470 2982 t.
497 2917 643 2981 Gnaeus
671 2917 791 2982 Julius
818 2918 990 3002 Agricola
1012 2951 1053 2965 -
1078 2951 1120 2964 --
1147 2926 1349 3002 utrumque

180 3039 283 3087 arum
306 3029 590 3106 procuratorem
613 3023 944 3098 Caesarisbabuit,
967 3041 1058 3104 quae
1076 3022 1349 3104 equestrisno·

181 3125 314 3190 bilitas
333 3133 399 3189 est.
435 3125 476 3190 lle
491 3125 547 3190 bae
562 3125 714 3190 nobilitate
728 3126 859 3210 equestri
879 3127 1012 3210 plerique
1034 3125 1210 3210 interpretes
1229 3125 1275 3190 sic
1289 3134 1351 3191 sta·

183 3237 314 3304 tuerunt,
330 3237 364 3292 ut
378 3233 586 3314 procuratores
597 3232 766 3304 (laesarum,
782 3249 858 3312 quos
870 3249 906 3292 ex
917 3229 1067 3310 equitibus
1080 3229 1159 3292 sunri
1172 3229 1263 3293 moris
1277 3239 1351 3303 erat,

182 3341 304 3416 propter
318 3331 452 3394 muneris
466 3333 556 3396 buius
570 3331 858 3396 administrationem
873 3333 910 3396 ad
925 3333 1058 3396 altiorem
1074 3331 1220 3414 equestris
1241 3333 1351 3396 ordinis

181 3433 305 3518 qradmn
322 3439 477 3518 promotos
491 3435 552 3498 siue
563 3434 679 3518 equites
693 3435 820 3499 illustres
832 3435 925 3498 laotos
937 3454 1004 3497 csse
1015 3435 1216 3517 opinarentur.
1242 3433 1287 3496 ab
1299 3433 1352 3496 irae

182 3535 322 3621 opinione
341 3535 470 3599 liciteius
491 3553 551 3598 non
572 3536 721 3600 immerito
741 3537 917 3600 dissentiens
938 3537 1120 3600 nobilitatem
1142 3536 1172 3598 in
1194 3555 1231 3597 eo
1251 3535 1351 3618 potius

183 3636 349 3702 constitisse
365 3643 459 3720 putat,
475 3637 555 3722 qued
571 3637 636 3720 quis
650 3637 757 3720 diguus
772 3639 822 3702 illo
838 3657 960 3702 munere
980 3639 1018 3702 ab
1041 3639 1219 3720 imperatore
1238 3637 1352 3702 iudica·

183 3749 232 3805 tus
247 3749 341 3814 esset,
359 3741 469 3824 quippe
491 3741 571 3824 quod
592 3739 714 3823 egregiis
733 3748 850 3804 tanturn
870 3751 901 3805 et
920 3741 1119 3805 eminentibus
1134 3739 1203 3804 siris
1219 3740 1353 3805 mandari

183 3845 301 3908 soleret
332 3843 459 3918 „llunm
474 3843 564 3908 illud‘·
579 3845 676 3926 inquit
689 3861 771 3920 „non
787 3845 844 3908 nisi
858 3845 979 3927 egregiis
993 3854 1024 3908 et
1038 3845 1116 3908 inter
1137 3853 1253 3909 cetoros
1274 3845 1350 3908 enai·

184 3945 322 4010 uentibus
345 3947 473 4012 conlerri
486 3947 573 4023 solet,
589 3947 628 4012 ita
643 3953 687 4024 ut,
702 3947 809 4032 siquis
824 3947 895 4012 illud
915 3947 1032 4031 accipit,
1051 3947 1080 4010 id
1101 3948 1284 4010 documento
1304 3947 1351 4020 sit,

183 4066 245 4113 non
259 4068 295 4113 ex
310 4049 397 4114 obvio
412 4069 483 4114 eum
497 4057 528 4114 et
541 4051 712 4134 promiscuo
727 4051 862 4134 equitum
878 4069 1014 4124 nurnero,
1029 4049 1082 4113 scd
1103 4069 1139 4112 cx
1159 4050 1353 4131 praestantis·

184 4151 357 4228 sinuessa,
373 4151 425 4236 qui
441 4153 515 4217 llist.
530 4153 552 4244 l,
569 4155 599 4228 4,
615 4152 635 4217 3
655 4153 803 4236 primores
824 4154 959 4236 equiturn
980 4159 1155 4217 rorantur.“
1193 4153 1244 4217 Sic
1265 4153 1353 4237 igitur

181 4253 369 4332 nobilitatem
389 4255 448 4320 boe
467 4255 533 4320 leco
552 4273 607 4341 pre
627 4255 758 4322 alarimo
781 4265 833 4320 aut
854 4257 993 4322 claritatis
1014 4257 1195 4320 documento
1214 4276 1250 4322 ae
1268 4257 1352 4322 teati-

185 4357 288 4422 monio
308 4357 439 4441 accipere
461 4357 648 4432 debebimus,
668 4359 752 4442 quasi
772 4359 878 4422 dixerit
891 4359 1021 4436 Tacitus,
1038 4359 1118 4441 quod
1135 4377 1247 4424 munus
1261 4377 1353 4442 eque·

185 4467 279 4523 strena
294 4459 478 4526 nobilitatem
493 4460 599 4543 mguit,
614 4467 647 4524 ut
661 4480 733 4526 aros
748 4461 896 4545 Agricolae
911 4461 1025 4526 nobiles
1044 4461 1136 4527 luisse
1152 4481 1190 4527 ex
1203 4483 1257 4540 eo,
1272 4460 1351 4546 quod
