<?xml version="1.0" encoding="UTF-8"?>
<!DOCTYPE html PUBLIC "-//W3C//DTD XHTML 1.0 Transitional//EN"
    "http://www.w3.org/TR/xhtml1/DTD/xhtml1-transitional.dtd">
<html xmlns="http://www.w3.org/1999/xhtml" xml:lang="en" lang="en">
 <head>
  <title>
</title>
<meta http-equiv="Content-Type" content="text/html;charset=utf-8" />
  <meta name='ocr-system' content='tesseract 3.04.00' />
  <meta name='ocr-capabilities' content='ocr_page ocr_carea ocr_par ocr_line ocrx_word'/>
</head>
<body>
  <div class='ocr_page' id='page_1' title='image "./opusculaacademi00schgoog_0044.png"; bbox 0 0 3266 4958; ppageno 0'>
   <div class='ocr_carea' id='block_1_1' title="bbox 831 448 872 516">
    <p class='ocr_par' dir='ltr' id='par_1_1' title="bbox 831 448 872 516">
     <span class='ocr_line' id='line_1_1' title="bbox 831 448 872 516; baseline 0 0"><span class='ocrx_word' id='word_1_1' title='bbox 831 448 872 516; x_wconf 80' lang='lat'><strong>28</strong></span> 
     </span>
    </p>
   </div>
   <div class='ocr_carea' id='block_1_2' title="bbox 776 540 924 550">
    <p class='ocr_par' dir='ltr' id='par_1_2' title="bbox 776 540 924 550">
     <span class='ocr_line' id='line_1_2' title="bbox 776 540 924 550; baseline -0.007 -1"><span class='ocrx_word' id='word_1_2' title='bbox 776 540 924 550; x_wconf 59' lang='grc' dir='ltr'><strong>...σο-σηι-</strong></span> 
     </span>
    </p>
   </div>
   <div class='ocr_carea' id='block_1_3' title="bbox 270 639 1499 3716">
    <p class='ocr_par' dir='ltr' id='par_1_3' title="bbox 270 639 1440 1136">
     <span class='ocr_line' id='line_1_3' title="bbox 270 639 1439 724; baseline -0.002 -18"><span class='ocrx_word' id='word_1_3' title='bbox 270 651 401 707; x_wconf 88' lang='lat' dir='ltr'><strong>tnerunt.</strong></span> <span class='ocrx_word' id='word_1_4' title='bbox 430 640 644 706; x_wconf 82' lang='lat' dir='ltr'><strong>intellexerunt</strong></span> <span class='ocrx_word' id='word_1_5' title='bbox 662 641 721 706; x_wconf 83' lang='lat' dir='ltr'><strong>lroo</strong></span> <span class='ocrx_word' id='word_1_6' title='bbox 735 640 847 705; x_wconf 91' lang='lat' dir='ltr'><strong>dudum</strong></span> <span class='ocrx_word' id='word_1_7' title='bbox 867 640 915 706; x_wconf 90' lang='lat' dir='ltr'><strong>alii</strong></span> <span class='ocrx_word' id='word_1_8' title='bbox 936 647 967 704; x_wconf 89' lang='lat' dir='ltr'><strong>et</strong></span> <span class='ocrx_word' id='word_1_9' title='bbox 986 639 1057 724; x_wconf 84' lang='lat' dir='ltr'><strong>quid</strong></span> <span class='ocrx_word' id='word_1_10' title='bbox 1073 639 1142 704; x_wconf 88' lang='lat' dir='ltr'><strong>inde</strong></span> <span class='ocrx_word' id='word_1_11' title='bbox 1156 649 1357 723; x_wconf 86' lang='lat' dir='ltr'><strong>consequatur</strong></span> <span class='ocrx_word' id='word_1_12' title='bbox 1371 659 1439 704; x_wconf 94' lang='lat' dir='ltr'><strong>mo·</strong></span> 
     </span>
     <span class='ocr_line' id='line_1_4' title="bbox 270 743 1438 828; baseline -0.003 -19"><span class='ocrx_word' id='word_1_13' title='bbox 270 753 418 820; x_wconf 89' lang='lat' dir='ltr'><strong>nuemnt,</strong></span> <span class='ocrx_word' id='word_1_14' title='bbox 443 754 477 807; x_wconf 95' lang='lat' dir='ltr'><strong>ut</strong></span> <span class='ocrx_word' id='word_1_15' title='bbox 498 753 601 809; x_wconf 79' lang='lat' dir='ltr'><strong>autum</strong></span> <span class='ocrx_word' id='word_1_16' title='bbox 622 763 706 828; x_wconf 73' lang='lat' dir='ltr'><strong>agere</strong></span> <span class='ocrx_word' id='word_1_17' title='bbox 726 745 817 808; x_wconf 84' lang='lat' dir='ltr'><strong>rideri</strong></span> <span class='ocrx_word' id='word_1_18' title='bbox 837 743 932 827; x_wconf 85' lang='lat' dir='ltr'><strong>possit</strong></span> <span class='ocrx_word' id='word_1_19' title='bbox 953 743 1004 826; x_wconf 89' lang='lat' dir='ltr'><strong>qui</strong></span> <span class='ocrx_word' id='word_1_20' title='bbox 1024 743 1123 808; x_wconf 91' lang='lat' dir='ltr'><strong>deuuo</strong></span> <span class='ocrx_word' id='word_1_21' title='bbox 1143 762 1206 807; x_wconf 88' lang='lat' dir='ltr'><strong>rem</strong></span> <span class='ocrx_word' id='word_1_22' title='bbox 1228 750 1343 807; x_wconf 87' lang='lat' dir='ltr'><strong>tractet.</strong></span> <span class='ocrx_word' id='word_1_23' title='bbox 1379 743 1438 808; x_wconf 88' lang='lat' dir='ltr'><strong>Sed</strong></span> 
     </span>
     <span class='ocr_line' id='line_1_5' title="bbox 270 844 1438 930; baseline -0.003 -19"><span class='ocrx_word' id='word_1_24' title='bbox 270 847 429 930; x_wconf 81' lang='lat' dir='ltr'><strong>qnoniam,</strong></span> <span class='ocrx_word' id='word_1_25' title='bbox 449 857 483 911; x_wconf 93' lang='lat' dir='ltr'><strong>ut</strong></span> <span class='ocrx_word' id='word_1_26' title='bbox 502 847 533 910; x_wconf 93' lang='lat' dir='ltr'><strong>iu</strong></span> <span class='ocrx_word' id='word_1_27' title='bbox 554 848 712 930; x_wconf 82' lang='lat' dir='ltr'><strong>proverbio</strong></span> <span class='ocrx_word' id='word_1_28' title='bbox 726 856 788 922; x_wconf 84' lang='lat' dir='ltr'><strong>est,</strong></span> <span class='ocrx_word' id='word_1_29' title='bbox 807 848 867 910; x_wconf 91' lang='lat' dir='ltr'><strong>duo</strong></span> <span class='ocrx_word' id='word_1_30' title='bbox 882 865 975 929; x_wconf 89' lang='lat' dir='ltr'><strong>quum</strong></span> <span class='ocrx_word' id='word_1_31' title='bbox 991 845 1103 910; x_wconf 85' lang='lat' dir='ltr'><strong>laniunt</strong></span> <span class='ocrx_word' id='word_1_32' title='bbox 1116 847 1196 910; x_wconf 88' lang='lat' dir='ltr'><strong>idem</strong></span> <span class='ocrx_word' id='word_1_33' title='bbox 1212 863 1274 909; x_wconf 92' lang='lat' dir='ltr'><strong>non</strong></span> <span class='ocrx_word' id='word_1_34' title='bbox 1288 853 1336 908; x_wconf 89' lang='lat' dir='ltr'><strong>est</strong></span> <span class='ocrx_word' id='word_1_35' title='bbox 1350 844 1438 922; x_wconf 88' lang='lat' dir='ltr'><strong>idem,</strong></span> 
     </span>
     <span class='ocr_line' id='line_1_6' title="bbox 271 947 1440 1034; baseline -0.002 -20"><span class='ocrx_word' id='word_1_36' title='bbox 271 968 369 1034; x_wconf 86' lang='lat' dir='ltr'><strong>neque</strong></span> <span class='ocrx_word' id='word_1_37' title='bbox 390 950 534 1014; x_wconf 70' lang='lat' dir='ltr'><strong>hammus</strong></span> <span class='ocrx_word' id='word_1_38' title='bbox 554 951 614 1014; x_wconf 86' lang='lat' dir='ltr'><strong>hoc</strong></span> <span class='ocrx_word' id='word_1_39' title='bbox 627 959 763 1034; x_wconf 88' lang='lat' dir='ltr'><strong>tempore</strong></span> <span class='ocrx_word' id='word_1_40' title='bbox 778 949 856 1032; x_wconf 83' lang='lat' dir='ltr'><strong>qnod</strong></span> <span class='ocrx_word' id='word_1_41' title='bbox 872 967 993 1031; x_wconf 75' lang='lat' dir='ltr'><strong>agamus</strong></span> <span class='ocrx_word' id='word_1_42' title='bbox 1008 949 1123 1032; x_wconf 90' lang='lat' dir='ltr'><strong>potius,</strong></span> <span class='ocrx_word' id='word_1_43' title='bbox 1143 949 1180 1012; x_wconf 84' lang='lat' dir='ltr'><strong>dr</strong></span> <span class='ocrx_word' id='word_1_44' title='bbox 1195 947 1345 1012; x_wconf 77' lang='lat' dir='ltr'><strong>nonnullis</strong></span> <span class='ocrx_word' id='word_1_45' title='bbox 1360 955 1440 1012; x_wconf 78' lang='lat' dir='ltr'><strong>certe</strong></span> 
     </span>
     <span class='ocr_line' id='line_1_7' title="bbox 271 1053 1216 1136; baseline -0.001 -20"><span class='ocrx_word' id='word_1_46' title='bbox 271 1053 360 1117; x_wconf 76' lang='lat' dir='ltr'><strong>liuius</strong></span> <span class='ocrx_word' id='word_1_47' title='bbox 375 1053 527 1136; x_wconf 76' lang='lat' dir='ltr'><strong>farraginis</strong></span> <span class='ocrx_word' id='word_1_48' title='bbox 542 1054 675 1136; x_wconf 88' lang='lat' dir='ltr'><strong>partibus</strong></span> <span class='ocrx_word' id='word_1_49' title='bbox 690 1053 760 1136; x_wconf 91' lang='lat' dir='ltr'><strong>quid</strong></span> <span class='ocrx_word' id='word_1_50' title='bbox 776 1054 862 1116; x_wconf 90' lang='lat' dir='ltr'><strong>nolds</strong></span> <span class='ocrx_word' id='word_1_51' title='bbox 876 1053 1010 1116; x_wconf 91' lang='lat' dir='ltr'><strong>ridoatnr</strong></span> <span class='ocrx_word' id='word_1_52' title='bbox 1024 1071 1216 1136; x_wconf 83' lang='lat' dir='ltr'><strong>exponemus.</strong></span> 
     </span>
    </p>

    <p class='ocr_par' dir='ltr' id='par_1_4' title="bbox 271 1153 1441 1548">
     <span class='ocr_line' id='line_1_8' title="bbox 358 1153 1440 1240; baseline -0.004 -20"><span class='ocrx_word' id='word_1_53' title='bbox 358 1157 492 1220; x_wconf 80' lang='lat' dir='ltr'><strong>Primum</strong></span> <span class='ocrx_word' id='word_1_54' title='bbox 514 1156 603 1238; x_wconf 62' lang='lat' dir='ltr'><strong>igitur</strong></span> <span class='ocrx_word' id='word_1_55' title='bbox 621 1157 733 1237; x_wconf 83' lang='lat' dir='ltr'><strong>aliquot</strong></span> <span class='ocrx_word' id='word_1_56' title='bbox 748 1155 880 1220; x_wconf 79' lang='lat' dir='ltr'><strong>uersibus</strong></span> <span class='ocrx_word' id='word_1_57' title='bbox 894 1175 963 1220; x_wconf 90' lang='lat' dir='ltr'><strong>eum</strong></span> <span class='ocrx_word' id='word_1_58' title='bbox 979 1155 1067 1220; x_wconf 85' lang='lat' dir='ltr'><strong>nobis</strong></span> <span class='ocrx_word' id='word_1_59' title='bbox 1082 1157 1125 1221; x_wconf 87' lang='lat' dir='ltr'><strong>rei</strong></span> <span class='ocrx_word' id='word_1_60' title='bbox 1140 1155 1272 1240; x_wconf 84' lang='lat' dir='ltr'><strong>publicae</strong></span> <span class='ocrx_word' id='word_1_61' title='bbox 1287 1153 1440 1236; x_wconf 76' lang='lat' dir='ltr'><strong>llegaren-</strong></span> 
     </span>
     <span class='ocr_line' id='line_1_9' title="bbox 271 1256 1441 1342; baseline -0.001 -20"><span class='ocrx_word' id='word_1_62' title='bbox 271 1257 315 1322; x_wconf 85' lang='lat' dir='ltr'><strong>sis</strong></span> <span class='ocrx_word' id='word_1_63' title='bbox 335 1269 445 1324; x_wconf 89' lang='lat' dir='ltr'><strong>statum</strong></span> <span class='ocrx_word' id='word_1_64' title='bbox 466 1259 622 1341; x_wconf 75' lang='lat' dir='ltr'><strong>significari</strong></span> <span class='ocrx_word' id='word_1_65' title='bbox 641 1260 834 1334; x_wconf 71' lang='lat' dir='ltr'>arbitramur,</span> <span class='ocrx_word' id='word_1_66' title='bbox 856 1259 887 1322; x_wconf 94' lang='lat' dir='ltr'><strong>in</strong></span> <span class='ocrx_word' id='word_1_67' title='bbox 908 1279 968 1342; x_wconf 86' lang='lat' dir='ltr'><strong>quo</strong></span> <span class='ocrx_word' id='word_1_68' title='bbox 990 1279 1084 1342; x_wconf 86' lang='lat' dir='ltr'><strong>quum</strong></span> <span class='ocrx_word' id='word_1_69' title='bbox 1106 1260 1264 1342; x_wconf 71' lang='lat' dir='ltr'><strong>optimates</strong></span> <span class='ocrx_word' id='word_1_70' title='bbox 1279 1275 1313 1321; x_wconf 87' lang='lat' dir='ltr'><strong>ae</strong></span> <span class='ocrx_word' id='word_1_71' title='bbox 1326 1256 1441 1321; x_wconf 85' lang='lat' dir='ltr'><strong>nobiles</strong></span> 
     </span>
     <span class='ocr_line' id='line_1_10' title="bbox 272 1361 1440 1446; baseline -0.003 -20"><span class='ocrx_word' id='word_1_72' title='bbox 272 1363 434 1446; x_wconf 89' lang='lat' dir='ltr'><strong>plurimum</strong></span> <span class='ocrx_word' id='word_1_73' title='bbox 449 1371 582 1446; x_wconf 82' lang='lat' dir='ltr'><strong>possent,</strong></span> <span class='ocrx_word' id='word_1_74' title='bbox 597 1362 758 1425; x_wconf 82' lang='lat' dir='ltr'><strong>serendum</strong></span> <span class='ocrx_word' id='word_1_75' title='bbox 773 1371 873 1424; x_wconf 87' lang='lat' dir='ltr'><strong>tamen</strong></span> <span class='ocrx_word' id='word_1_76' title='bbox 889 1371 976 1436; x_wconf 85' lang='lat' dir='ltr'><strong>esset,</strong></span> <span class='ocrx_word' id='word_1_77' title='bbox 992 1380 1029 1425; x_wconf 92' lang='lat' dir='ltr'><strong>ne</strong></span> <span class='ocrx_word' id='word_1_78' title='bbox 1045 1363 1173 1444; x_wconf 86' lang='lat' dir='ltr'><strong>populus</strong></span> <span class='ocrx_word' id='word_1_79' title='bbox 1187 1361 1324 1444; x_wconf 85' lang='lat' dir='ltr'><strong>superbia</strong></span> <span class='ocrx_word' id='word_1_80' title='bbox 1335 1379 1440 1424; x_wconf 88' lang='lat' dir='ltr'><strong>eorum</strong></span> 
     </span>
     <span class='ocr_line' id='line_1_11' title="bbox 273 1463 1440 1548; baseline -0.001 -20"><span class='ocrx_word' id='word_1_81' title='bbox 273 1473 304 1528; x_wconf 89' lang='lat' dir='ltr'><strong>et</strong></span> <span class='ocrx_word' id='word_1_82' title='bbox 316 1465 471 1530; x_wconf 68' lang='lat' dir='ltr'><strong>insolentia</strong></span> <span class='ocrx_word' id='word_1_83' title='bbox 483 1467 612 1528; x_wconf 76' lang='lat' dir='ltr'><strong>offensus</strong></span> <span class='ocrx_word' id='word_1_84' title='bbox 624 1482 684 1528; x_wconf 94' lang='lat' dir='ltr'><strong>non</strong></span> <span class='ocrx_word' id='word_1_85' title='bbox 696 1465 824 1546; x_wconf 84' lang='lat' dir='ltr'><strong>amplius</strong></span> <span class='ocrx_word' id='word_1_86' title='bbox 835 1465 1009 1546; x_wconf 70' lang='lat' dir='ltr'><strong>quiesceret.</strong></span> <span class='ocrx_word' id='word_1_87' title='bbox 1037 1465 1297 1548; x_wconf 82' lang='lat' dir='ltr'><strong>lluopertinentr.</strong></span> <span class='ocrx_word' id='word_1_88' title='bbox 1310 1463 1440 1546; x_wconf 83' lang='grc' dir='ltr'><strong>39εηη.ι</strong></span> 
     </span>
    </p>

    <p class='ocr_par' dir='ltr' id='par_1_5' title="bbox 374 1559 1319 1656">
     <span class='ocr_line' id='line_1_12' title="bbox 374 1559 1319 1656; baseline -0.002 -24"><span class='ocrx_word' id='word_1_89' title='bbox 374 1562 491 1651; x_wconf 76' lang='grc' dir='ltr'><strong><em>Κύρνε,</em></strong></span> <span class='ocrx_word' id='word_1_90' title='bbox 513 1560 585 1630; x_wconf 75' lang='grc' dir='ltr'><strong><em>τότε</em></strong></span> <span class='ocrx_word' id='word_1_91' title='bbox 608 1561 711 1643; x_wconf 81' lang='grc' dir='ltr'><strong>πόλις</strong></span> <span class='ocrx_word' id='word_1_92' title='bbox 732 1561 802 1652; x_wconf 75' lang='grc' dir='ltr'><strong>ἥδε,</strong></span> <span class='ocrx_word' id='word_1_93' title='bbox 826 1561 966 1632; x_wconf 79' lang='grc' dir='ltr'><strong><em>δέδοικα</em></strong></span> <span class='ocrx_word' id='word_1_94' title='bbox 989 1561 1027 1630; x_wconf 78' lang='grc' dir='ltr'><strong>δὲ</strong></span> <span class='ocrx_word' id='word_1_95' title='bbox 1046 1564 1093 1653; x_wconf 75' lang='grc' dir='ltr'><em>μή</em></span> <span class='ocrx_word' id='word_1_96' title='bbox 1115 1563 1190 1656; x_wconf 69' lang='lat' dir='ltr'><strong>adep</strong></span> <span class='ocrx_word' id='word_1_97' title='bbox 1213 1559 1319 1652; x_wconf 69' lang='grc' dir='ltr'><strong><em>ἄνδρα</em></strong></span> 
     </span>
    </p>

    <p class='ocr_par' dir='ltr' id='par_1_6' title="bbox 274 1661 1499 2464">
     <span class='ocr_line' id='line_1_13' title="bbox 461 1661 1100 1756; baseline -0.002 -23"><span class='ocrx_word' id='word_1_98' title='bbox 461 1661 647 1754; x_wconf 57' lang='lat' dir='ltr'><strong>addo-sript:</strong></span> <span class='ocrx_word' id='word_1_99' title='bbox 668 1667 772 1754; x_wconf 76' lang='grc' dir='ltr'><strong><em>κακῆς</em></strong></span> <span class='ocrx_word' id='word_1_100' title='bbox 794 1663 911 1752; x_wconf 75' lang='grc' dir='ltr'><strong><em>ὕβριος</em></strong></span> <span class='ocrx_word' id='word_1_101' title='bbox 933 1663 1100 1756; x_wconf 72' lang='grc' dir='ltr'><strong><em>ἡμετέρης,</em></strong></span> 
     </span>
     <span class='ocr_line' id='line_1_14' title="bbox 274 1765 1499 1858; baseline -0.002 -20"><span class='ocrx_word' id='word_1_102' title='bbox 274 1775 306 1839; x_wconf 93' lang='lat' dir='ltr'><strong>in</strong></span> <span class='ocrx_word' id='word_1_103' title='bbox 325 1793 453 1857; x_wconf 85' lang='lat' dir='ltr'><strong>quonam</strong></span> <span class='ocrx_word' id='word_1_104' title='bbox 473 1791 612 1836; x_wconf 75' lang='lat' dir='ltr'><strong>versuum</strong></span> <span class='ocrx_word' id='word_1_105' title='bbox 633 1772 726 1837; x_wconf 87' lang='lat' dir='ltr'><strong>altero</strong></span> <span class='ocrx_word' id='word_1_106' title='bbox 746 1783 848 1837; x_wconf 91' lang='lat' dir='ltr'><strong>utrum</strong></span> <span class='ocrx_word' id='word_1_107' title='bbox 863 1766 1018 1858; x_wconf 74' lang='grc' dir='ltr'><strong>ὑμετέρης</strong></span> <span class='ocrx_word' id='word_1_108' title='bbox 1032 1791 1069 1836; x_wconf 92' lang='lat' dir='ltr'><strong>an</strong></span> <span class='ocrx_word' id='word_1_109' title='bbox 1084 1765 1243 1858; x_wconf 72' lang='grc' dir='ltr'><strong>ἡμετέρης</strong></span> <span class='ocrx_word' id='word_1_110' title='bbox 1258 1775 1384 1856; x_wconf 78' lang='lat' dir='ltr'><strong>legatur,</strong></span> <span class='ocrx_word' id='word_1_111' title='bbox 1404 1773 1442 1838; x_wconf 89' lang='lat' dir='ltr'><strong>ad</strong></span> <span class='ocrx_word' id='word_1_112' title='bbox 1497 1803 1499 1806; x_wconf 95' lang='lat'>·</span> 
     </span>
     <span class='ocr_line' id='line_1_15' title="bbox 275 1876 1442 1962; baseline 0 -20"><span class='ocrx_word' id='word_1_113' title='bbox 275 1897 339 1942; x_wconf 85' lang='lat' dir='ltr'><strong>rom</strong></span> <span class='ocrx_word' id='word_1_114' title='bbox 355 1878 427 1941; x_wconf 90' lang='lat' dir='ltr'><strong>nildl</strong></span> <span class='ocrx_word' id='word_1_115' title='bbox 442 1877 575 1940; x_wconf 88' lang='lat' dir='ltr'><strong>interest.</strong></span> <span class='ocrx_word' id='word_1_116' title='bbox 604 1876 678 1940; x_wconf 85' lang='lat' dir='ltr'><strong>Nam</strong></span> <span class='ocrx_word' id='word_1_117' title='bbox 694 1887 724 1940; x_wconf 88' lang='lat' dir='ltr'><strong>et</strong></span> <span class='ocrx_word' id='word_1_118' title='bbox 738 1878 882 1960; x_wconf 75' lang='lat' dir='ltr'><strong>Cpmum,</strong></span> <span class='ocrx_word' id='word_1_119' title='bbox 902 1895 993 1960; x_wconf 81' lang='lat' dir='ltr'><strong>quem</strong></span> <span class='ocrx_word' id='word_1_120' title='bbox 1008 1887 1094 1958; x_wconf 87' lang='lat' dir='ltr'><strong>poeta</strong></span> <span class='ocrx_word' id='word_1_121' title='bbox 1108 1877 1282 1960; x_wconf 86' lang='lat' dir='ltr'><strong>alloquitur,</strong></span> <span class='ocrx_word' id='word_1_122' title='bbox 1298 1887 1329 1942; x_wconf 89' lang='lat' dir='ltr'><strong>et</strong></span> <span class='ocrx_word' id='word_1_123' title='bbox 1344 1877 1442 1962; x_wconf 90' lang='lat' dir='ltr'><strong>ipsum</strong></span> 
     </span>
     <span class='ocr_line' id='line_1_16' title="bbox 276 1972 1444 2066; baseline 0 -22"><span class='ocrx_word' id='word_1_124' title='bbox 276 1991 393 2066; x_wconf 92' lang='lat' dir='ltr'><strong>poetam</strong></span> <span class='ocrx_word' id='word_1_125' title='bbox 417 1981 448 2044; x_wconf 92' lang='lat' dir='ltr'><strong>in</strong></span> <span class='ocrx_word' id='word_1_126' title='bbox 464 1979 614 2043; x_wconf 84' lang='lat' dir='ltr'><strong>nobilibus</strong></span> <span class='ocrx_word' id='word_1_127' title='bbox 629 1980 719 2044; x_wconf 82' lang='lat' dir='ltr'><strong>luisse</strong></span> <span class='ocrx_word' id='word_1_128' title='bbox 733 1981 804 2044; x_wconf 84' lang='lat' dir='ltr'><strong>satis</strong></span> <span class='ocrx_word' id='word_1_129' title='bbox 818 1987 945 2044; x_wconf 80' lang='lat' dir='ltr'><strong>constat.</strong></span> <span class='ocrx_word' id='word_1_130' title='bbox 976 1979 1156 2062; x_wconf 84' lang='lat' dir='ltr'><strong>Scripsimus</strong></span> <span class='ocrx_word' id='word_1_131' title='bbox 1171 1989 1270 2044; x_wconf 89' lang='lat' dir='ltr'><strong>autem</strong></span> <span class='ocrx_word' id='word_1_132' title='bbox 1286 1972 1444 2066; x_wconf 73' lang='grc' dir='ltr'><strong>ἡμιτέρης</strong></span> 
     </span>
     <span class='ocr_line' id='line_1_17' title="bbox 277 2083 1443 2168; baseline -0.003 -17"><span class='ocrx_word' id='word_1_133' title='bbox 277 2085 429 2162; x_wconf 79' lang='lat' dir='ltr'><strong>oudinum,</strong></span> <span class='ocrx_word' id='word_1_134' title='bbox 454 2093 488 2148; x_wconf 90' lang='lat' dir='ltr'><strong>ut</strong></span> <span class='ocrx_word' id='word_1_135' title='bbox 509 2083 640 2158; x_wconf 83' lang='lat' dir='ltr'><strong>ridetur,</strong></span> <span class='ocrx_word' id='word_1_136' title='bbox 668 2084 802 2147; x_wconf 91' lang='lat' dir='ltr'><strong>omnium</strong></span> <span class='ocrx_word' id='word_1_137' title='bbox 824 2084 1014 2158; x_wconf 79' lang='lat' dir='ltr'><strong>auctoritate,</strong></span> <span class='ocrx_word' id='word_1_138' title='bbox 1035 2095 1066 2147; x_wconf 87' lang='lat' dir='ltr'><strong>et</strong></span> <span class='ocrx_word' id='word_1_139' title='bbox 1085 2084 1274 2166; x_wconf 71' lang='lat' dir='ltr'><strong>agnoscimus</strong></span> <span class='ocrx_word' id='word_1_140' title='bbox 1294 2083 1443 2168; x_wconf 89' lang='lat' dir='ltr'><strong>quandam</strong></span> 
     </span>
     <span class='ocr_line' id='line_1_18' title="bbox 275 2181 1443 2272; baseline 0 -20"><span class='ocrx_word' id='word_1_141' title='bbox 275 2199 381 2272; x_wconf 87' lang='lat' dir='ltr'><strong>poetas</strong></span> <span class='ocrx_word' id='word_1_142' title='bbox 400 2187 623 2262; x_wconf 78' lang='lat' dir='ltr'><strong>verecundiam,</strong></span> <span class='ocrx_word' id='word_1_143' title='bbox 644 2187 695 2270; x_wconf 84' lang='lat' dir='ltr'><strong>qui</strong></span> <span class='ocrx_word' id='word_1_144' title='bbox 716 2205 809 2269; x_wconf 88' lang='lat' dir='ltr'><strong>quum</strong></span> <span class='ocrx_word' id='word_1_145' title='bbox 832 2186 1005 2250; x_wconf 87' lang='lat' dir='ltr'><strong>hominibus</strong></span> <span class='ocrx_word' id='word_1_146' title='bbox 1024 2187 1072 2250; x_wconf 92' lang='lat' dir='ltr'><strong>sui</strong></span> <span class='ocrx_word' id='word_1_147' title='bbox 1092 2187 1204 2250; x_wconf 89' lang='lat' dir='ltr'><strong>ordinis</strong></span> <span class='ocrx_word' id='word_1_148' title='bbox 1225 2181 1321 2270; x_wconf 68' lang='grc' dir='ltr'><strong><em>ὕβριν</em></strong></span> <span class='ocrx_word' id='word_1_149' title='bbox 1334 2207 1443 2271; x_wconf 82' lang='lat' dir='ltr'><strong>expro-</strong></span> 
     </span>
     <span class='ocr_line' id='line_1_19' title="bbox 275 2289 1442 2372; baseline -0.001 -17"><span class='ocrx_word' id='word_1_150' title='bbox 275 2291 384 2366; x_wconf 85' lang='lat' dir='ltr'><strong>braret,</strong></span> <span class='ocrx_word' id='word_1_151' title='bbox 399 2291 490 2354; x_wconf 88' lang='lat' dir='ltr'><strong>lenire</strong></span> <span class='ocrx_word' id='word_1_152' title='bbox 504 2291 739 2372; x_wconf 77' lang='lat' dir='ltr'><strong>exprobrationis</strong></span> <span class='ocrx_word' id='word_1_153' title='bbox 754 2289 891 2354; x_wconf 85' lang='lat' dir='ltr'><strong>invidiam</strong></span> <span class='ocrx_word' id='word_1_154' title='bbox 908 2291 1120 2355; x_wconf 87' lang='lat' dir='ltr'><strong>communione</strong></span> <span class='ocrx_word' id='word_1_155' title='bbox 1131 2291 1234 2372; x_wconf 85' lang='lat' dir='ltr'><strong>eulpae</strong></span> <span class='ocrx_word' id='word_1_156' title='bbox 1246 2289 1392 2354; x_wconf 79' lang='lat' dir='ltr'><strong>studuerit</strong></span> <span class='ocrx_word' id='word_1_157' title='bbox 1401 2291 1442 2372; x_wconf 78' lang='lat'><strong>⁸).</strong></span> 
     </span>
     <span class='ocr_line' id='line_1_20' title="bbox 274 2393 664 2464; baseline -0.01 -5"><span class='ocrx_word' id='word_1_158' title='bbox 274 2425 318 2441; x_wconf 91' lang='lat'><em>-</em></span> <span class='ocrx_word' id='word_1_159' title='bbox 332 2393 462 2458; x_wconf 81' lang='lat' dir='ltr'><strong>Proximi</strong></span> <span class='ocrx_word' id='word_1_160' title='bbox 477 2393 536 2456; x_wconf 93' lang='lat' dir='ltr'><strong>duo</strong></span> <span class='ocrx_word' id='word_1_161' title='bbox 552 2411 664 2464; x_wconf 82' lang='lat' dir='ltr'><strong>sersus,</strong></span> 
     </span>
    </p>

    <p class='ocr_par' dir='ltr' id='par_1_7' title="bbox 376 2484 1271 2582">
     <span class='ocr_line' id='line_1_21' title="bbox 376 2484 1271 2582; baseline -0.003 -21"><span class='ocrx_word' id='word_1_162' title='bbox 376 2488 474 2561; x_wconf 82' lang='grc' dir='ltr'><strong><em>α’στοὶ</em></strong></span> <span class='ocrx_word' id='word_1_163' title='bbox 495 2490 557 2577; x_wconf 76' lang='grc' dir='ltr'><strong>μὲν</strong></span> <span class='ocrx_word' id='word_1_164' title='bbox 579 2491 641 2579; x_wconf 83' lang='grc' dir='ltr'><strong>γὰρ</strong></span> <span class='ocrx_word' id='word_1_165' title='bbox 663 2484 722 2560; x_wconf 75' lang='lat' dir='ltr'><strong>e’d’</strong></span> <span class='ocrx_word' id='word_1_166' title='bbox 745 2491 818 2558; x_wconf 79' lang='lat' dir='ltr'><strong>olda</strong></span> <span class='ocrx_word' id='word_1_167' title='bbox 839 2487 1032 2580; x_wconf 79' lang='grc' dir='ltr'><strong><em>σαόηρανες,</em></strong></span> <span class='ocrx_word' id='word_1_168' title='bbox 1054 2486 1210 2582; x_wconf 75' lang='grc' dir='ltr'><strong>ἡγεμόνες</strong></span> <span class='ocrx_word' id='word_1_169' title='bbox 1232 2491 1271 2558; x_wconf 85' lang='lat' dir='ltr'><strong>di</strong></span> 
     </span>
    </p>

    <p class='ocr_par' dir='ltr' id='par_1_8' title="bbox 275 2591 1443 3092">
     <span class='ocr_line' id='line_1_22' title="bbox 460 2591 1209 2684; baseline -0.003 -23"><span class='ocrx_word' id='word_1_170' title='bbox 460 2592 667 2684; x_wconf 77' lang='grc' dir='ltr'><strong>τετράφαται</strong></span> <span class='ocrx_word' id='word_1_171' title='bbox 689 2593 818 2684; x_wconf 70' lang='grc' dir='ltr'><strong><em>πολλὴν</em></strong></span> <span class='ocrx_word' id='word_1_172' title='bbox 840 2591 874 2674; x_wconf 72' lang='grc' dir='ltr'><strong>ὃς</strong></span> <span class='ocrx_word' id='word_1_173' title='bbox 895 2593 1063 2683; x_wconf 84' lang='grc' dir='ltr'><strong><em>κακότητα</em></strong></span> <span class='ocrx_word' id='word_1_174' title='bbox 1085 2597 1209 2674; x_wconf 81' lang='grc' dir='ltr'><strong><em>πεσεῖν,</em></strong></span> 
     </span>
     <span class='ocr_line' id='line_1_23' title="bbox 275 2701 1442 2786; baseline 0 -20"><span class='ocrx_word' id='word_1_175' title='bbox 275 2701 351 2766; x_wconf 84' lang='lat' dir='ltr'><strong>eires</strong></span> <span class='ocrx_word' id='word_1_176' title='bbox 380 2702 500 2786; x_wconf 85' lang='lat' dir='ltr'><strong>quidem</strong></span> <span class='ocrx_word' id='word_1_177' title='bbox 527 2703 624 2766; x_wconf 87' lang='lat' dir='ltr'><strong>adhue</strong></span> <span class='ocrx_word' id='word_1_178' title='bbox 649 2701 705 2766; x_wconf 87' lang='lat' dir='ltr'><strong>sibi</strong></span> <span class='ocrx_word' id='word_1_179' title='bbox 731 2710 897 2784; x_wconf 84' lang='lat' dir='ltr'><strong>temperare</strong></span> <span class='ocrx_word' id='word_1_180' title='bbox 924 2710 956 2764; x_wconf 88' lang='lat' dir='ltr'><strong>et</strong></span> <span class='ocrx_word' id='word_1_181' title='bbox 980 2701 1114 2765; x_wconf 81' lang='lat' dir='ltr'><strong>violentis</strong></span> <span class='ocrx_word' id='word_1_182' title='bbox 1140 2701 1269 2766; x_wconf 83' lang='lat' dir='ltr'><strong>consiliis</strong></span> <span class='ocrx_word' id='word_1_183' title='bbox 1294 2701 1442 2766; x_wconf 84' lang='lat' dir='ltr'><strong>abstinere</strong></span> 
     </span>
     <span class='ocr_line' id='line_1_24' title="bbox 275 2803 1443 2887; baseline -0.003 -17"><span class='ocrx_word' id='word_1_184' title='bbox 275 2814 436 2879; x_wconf 80' lang='lat' dir='ltr'><strong>testantur,</strong></span> <span class='ocrx_word' id='word_1_185' title='bbox 452 2804 504 2868; x_wconf 87' lang='lat' dir='ltr'><strong>sed</strong></span> <span class='ocrx_word' id='word_1_186' title='bbox 520 2803 667 2887; x_wconf 75' lang='lat' dir='ltr'><strong>principos</strong></span> <span class='ocrx_word' id='word_1_187' title='bbox 680 2813 770 2886; x_wconf 89' lang='lat' dir='ltr'><strong>atque</strong></span> <span class='ocrx_word' id='word_1_188' title='bbox 786 2805 989 2886; x_wconf 75' lang='lat' dir='ltr'><strong>magistratus,</strong></span> <span class='ocrx_word' id='word_1_189' title='bbox 1004 2806 1055 2887; x_wconf 82' lang='lat' dir='ltr'><strong>rpri</strong></span> <span class='ocrx_word' id='word_1_190' title='bbox 1071 2805 1141 2886; x_wconf 80' lang='lat' dir='ltr'><strong>quin</strong></span> <span class='ocrx_word' id='word_1_191' title='bbox 1157 2825 1192 2868; x_wconf 86' lang='grc' dir='ltr'><strong>ιιι</strong></span> <span class='ocrx_word' id='word_1_192' title='bbox 1208 2805 1360 2868; x_wconf 89' lang='lat' dir='ltr'><strong>nobilitate</strong></span> <span class='ocrx_word' id='word_1_193' title='bbox 1374 2805 1443 2868; x_wconf 84' lang='lat' dir='ltr'><strong>iue-</strong></span> 
     </span>
     <span class='ocr_line' id='line_1_25' title="bbox 276 2906 1443 2990; baseline -0.003 -18"><span class='ocrx_word' id='word_1_194' title='bbox 276 2907 336 2972; x_wconf 91' lang='lat' dir='ltr'><strong>rint</strong></span> <span class='ocrx_word' id='word_1_195' title='bbox 356 2907 484 2972; x_wconf 89' lang='lat' dir='ltr'><strong>dubitari</strong></span> <span class='ocrx_word' id='word_1_196' title='bbox 504 2925 565 2970; x_wconf 94' lang='lat' dir='ltr'><strong>non</strong></span> <span class='ocrx_word' id='word_1_197' title='bbox 586 2915 700 2990; x_wconf 86' lang='lat' dir='ltr'><strong>potest,</strong></span> <span class='ocrx_word' id='word_1_198' title='bbox 720 2907 764 2969; x_wconf 85' lang='lat' dir='ltr'><strong>sio</strong></span> <span class='ocrx_word' id='word_1_199' title='bbox 782 2925 814 2970; x_wconf 84' lang='grc' dir='ltr'><strong><em>εα</em></strong></span> <span class='ocrx_word' id='word_1_200' title='bbox 833 2925 949 2988; x_wconf 79' lang='lat' dir='ltr'><strong>gerere,</strong></span> <span class='ocrx_word' id='word_1_201' title='bbox 970 2917 1004 2970; x_wconf 90' lang='lat' dir='ltr'><strong>ut</strong></span> <span class='ocrx_word' id='word_1_202' title='bbox 1023 2908 1099 2970; x_wconf 83' lang='lat' dir='ltr'><strong>mals</strong></span> <span class='ocrx_word' id='word_1_203' title='bbox 1115 2907 1213 2970; x_wconf 88' lang='lat' dir='ltr'><strong>omnia</strong></span> <span class='ocrx_word' id='word_1_204' title='bbox 1230 2907 1301 2990; x_wconf 85' lang='lat' dir='ltr'><strong>ipsis</strong></span> <span class='ocrx_word' id='word_1_205' title='bbox 1317 2906 1443 2972; x_wconf 81' lang='lat' dir='ltr'><strong>verenda</strong></span> 
     </span>
     <span class='ocr_line' id='line_1_26' title="bbox 275 3002 1270 3092; baseline 0 -18"><span class='ocrx_word' id='word_1_206' title='bbox 275 3011 344 3075; x_wconf 85' lang='lat' dir='ltr'><strong>sint.</strong></span> <span class='ocrx_word' id='word_1_207' title='bbox 359 3013 513 3076; x_wconf 82' lang='lat' dir='ltr'><strong>-Porro</strong></span> <span class='ocrx_word' id='word_1_208' title='bbox 528 3002 624 3092; x_wconf 74' lang='grc' dir='ltr'><strong><em>ὕβριν</em></strong></span> <span class='ocrx_word' id='word_1_209' title='bbox 637 3009 798 3073; x_wconf 87' lang='lat' dir='ltr'><strong>nobilitatis</strong></span> <span class='ocrx_word' id='word_1_210' title='bbox 813 3019 952 3073; x_wconf 76' lang='lat' dir='ltr'><strong>amusant</strong></span> <span class='ocrx_word' id='word_1_211' title='bbox 966 3010 1056 3074; x_wconf 87' lang='lat' dir='ltr'><strong>etiam</strong></span> <span class='ocrx_word' id='word_1_212' title='bbox 1072 3030 1099 3073; x_wconf 91' lang='grc' dir='ltr'><strong>ν.</strong></span> <span class='ocrx_word' id='word_1_213' title='bbox 1119 3011 1210 3074; x_wconf 77' lang='lat' dir='ltr'><strong>ttdtt.</strong></span> <span class='ocrx_word' id='word_1_214' title='bbox 1226 3011 1270 3074; x_wconf 86' lang='lat' dir='ltr'><strong>d.:</strong></span> 
     </span>
    </p>

    <p class='ocr_par' dir='ltr' id='par_1_9' title="bbox 376 3105 1250 3199">
     <span class='ocr_line' id='line_1_27' title="bbox 376 3105 1250 3199; baseline -0.002 -21"><span class='ocrx_word' id='word_1_215' title='bbox 376 3106 497 3198; x_wconf 69' lang='grc' dir='ltr'><strong><em>Ὕβρις</em></strong></span> <span class='ocrx_word' id='word_1_216' title='bbox 517 3107 574 3176; x_wconf 79' lang='grc' dir='ltr'><strong><em>καὶ</em></strong></span> <span class='ocrx_word' id='word_1_217' title='bbox 598 3107 782 3198; x_wconf 78' lang='grc' dir='ltr'><strong>Μάγνητας</strong></span> <span class='ocrx_word' id='word_1_218' title='bbox 803 3105 958 3175; x_wconf 75' lang='grc' dir='ltr'><strong><em>ἀπώλεσε</em></strong></span> <span class='ocrx_word' id='word_1_219' title='bbox 980 3106 1039 3176; x_wconf 80' lang='grc' dir='ltr'><strong><em>καὶ</em></strong></span> <span class='ocrx_word' id='word_1_220' title='bbox 1062 3107 1250 3199; x_wconf 71' lang='grc' dir='ltr'><strong><em>Κολοφῶνα</em></strong></span> 
     </span>
    </p>

    <p class='ocr_par' dir='ltr' id='par_1_10' title="bbox 278 3205 1446 3716">
     <span class='ocr_line' id='line_1_28' title="bbox 462 3205 1359 3300; baseline 0 -22"><span class='ocrx_word' id='word_1_221' title='bbox 462 3211 520 3278; x_wconf 79' lang='grc' dir='ltr'><strong><em>καὶ</em></strong></span> <span class='ocrx_word' id='word_1_222' title='bbox 542 3206 705 3300; x_wconf 77' lang='grc' dir='ltr'><strong><em>Σμύρνην·</em></strong></span> <span class='ocrx_word' id='word_1_223' title='bbox 729 3209 871 3291; x_wconf 75' lang='grc' dir='ltr'><strong><em>πάντας,</em></strong></span> <span class='ocrx_word' id='word_1_224' title='bbox 897 3208 1009 3294; x_wconf 76' lang='grc' dir='ltr'><strong><em>Κύρνε,</em></strong></span> <span class='ocrx_word' id='word_1_225' title='bbox 1032 3209 1090 3278; x_wconf 78' lang='grc' dir='ltr'><strong><em>καὶ</em></strong></span> <span class='ocrx_word' id='word_1_226' title='bbox 1111 3205 1206 3296; x_wconf 68' lang='grc' dir='ltr'><strong><em>ὔμμ’</em></strong></span> <span class='ocrx_word' id='word_1_227' title='bbox 1228 3205 1359 3278; x_wconf 67' lang='grc' dir='ltr'><strong>ἀπειλεῖ.</strong></span> 
     </span>
     <span class='ocr_line' id='line_1_29' title="bbox 278 3317 1445 3403; baseline -0.002 -20"><span class='ocrx_word' id='word_1_228' title='bbox 278 3319 363 3395; x_wconf 84' lang='lat' dir='ltr'><strong>Vos,</strong></span> <span class='ocrx_word' id='word_1_229' title='bbox 379 3319 485 3403; x_wconf 87' lang='lat' dir='ltr'><strong>inquit,</strong></span> <span class='ocrx_word' id='word_1_230' title='bbox 500 3317 530 3381; x_wconf 83' lang='lat' dir='ltr'><strong>ln.</strong></span> <span class='ocrx_word' id='word_1_231' title='bbox 546 3337 572 3380; x_wconf 90' lang='lat' dir='ltr'><strong>e.</strong></span> <span class='ocrx_word' id='word_1_232' title='bbox 588 3317 713 3392; x_wconf 84' lang='lat' dir='ltr'><strong>nobiles,</strong></span> <span class='ocrx_word' id='word_1_233' title='bbox 728 3329 852 3401; x_wconf 89' lang='lat' dir='ltr'><strong>propter</strong></span> <span class='ocrx_word' id='word_1_234' title='bbox 861 3317 1029 3400; x_wconf 86' lang='lat' dir='ltr'><strong>superbiam</strong></span> <span class='ocrx_word' id='word_1_235' title='bbox 1041 3317 1182 3400; x_wconf 83' lang='lat' dir='ltr'><strong>peribitis,</strong></span> <span class='ocrx_word' id='word_1_236' title='bbox 1197 3317 1275 3382; x_wconf 85' lang='lat' dir='ltr'><strong>siout</strong></span> <span class='ocrx_word' id='word_1_237' title='bbox 1286 3319 1445 3400; x_wconf 76' lang='lat' dir='ltr'><strong>Magnetes,</strong></span> 
     </span>
     <span class='ocr_line' id='line_1_30' title="bbox 278 3415 1445 3508; baseline -0.001 -22"><span class='ocrx_word' id='word_1_238' title='bbox 278 3441 406 3507; x_wconf 84' lang='lat' dir='ltr'><strong>quorum</strong></span> <span class='ocrx_word' id='word_1_239' title='bbox 428 3421 623 3496; x_wconf 83' lang='lat' dir='ltr'><strong>calamitates,</strong></span> <span class='ocrx_word' id='word_1_240' title='bbox 642 3415 686 3484; x_wconf 82' lang='lat' dir='ltr'><strong>roi</strong></span> <span class='ocrx_word' id='word_1_241' title='bbox 702 3415 891 3508; x_wconf 75' lang='grc' dir='ltr'><strong><em>Μαγνήτων</em></strong></span> <span class='ocrx_word' id='word_1_242' title='bbox 910 3415 1012 3496; x_wconf 75' lang='grc' dir='ltr'><strong><em>κακά,</em></strong></span> <span class='ocrx_word' id='word_1_243' title='bbox 1034 3421 1064 3484; x_wconf 93' lang='lat' dir='ltr'><strong>in</strong></span> <span class='ocrx_word' id='word_1_244' title='bbox 1082 3419 1272 3504; x_wconf 82' lang='lat' dir='ltr'><strong>proverbium</strong></span> <span class='ocrx_word' id='word_1_245' title='bbox 1293 3421 1445 3486; x_wconf 80' lang='lat' dir='ltr'><strong>abierunt:</strong></span> 
     </span>
     <span class='ocr_line' id='line_1_31' title="bbox 278 3523 1445 3610; baseline -0.003 -19"><span class='ocrx_word' id='word_1_246' title='bbox 278 3544 334 3591; x_wconf 85' lang='lat' dir='ltr'><strong>neo</strong></span> <span class='ocrx_word' id='word_1_247' title='bbox 352 3523 501 3592; x_wconf 83' lang='lat' dir='ltr'><strong>immerito</strong></span> <span class='ocrx_word' id='word_1_248' title='bbox 520 3525 680 3610; x_wconf 78' lang='lat' dir='ltr'><strong>suspiceris</strong></span> <span class='ocrx_word' id='word_1_249' title='bbox 694 3525 849 3608; x_wconf 74' lang='lat' dir='ltr'><strong>significari</strong></span> <span class='ocrx_word' id='word_1_250' title='bbox 864 3526 923 3591; x_wconf 88' lang='lat' dir='ltr'><strong>hoe</strong></span> <span class='ocrx_word' id='word_1_251' title='bbox 938 3524 1091 3609; x_wconf 76' lang='lat' dir='ltr'><strong>proverbio</strong></span> <span class='ocrx_word' id='word_1_252' title='bbox 1106 3525 1261 3590; x_wconf 88' lang='lat' dir='ltr'><strong>intestinas</strong></span> <span class='ocrx_word' id='word_1_253' title='bbox 1276 3525 1445 3601; x_wconf 78' lang='lat' dir='ltr'><strong>discordias,</strong></span> 
     </span>
     <span class='ocr_line' id='line_1_32' title="bbox 278 3628 1446 3716; baseline -0.003 -19"><span class='ocrx_word' id='word_1_254' title='bbox 278 3649 371 3716; x_wconf 88' lang='lat' dir='ltr'><strong>quum</strong></span> <span class='ocrx_word' id='word_1_255' title='bbox 392 3631 476 3716; x_wconf 83' lang='lat' dir='ltr'><strong>pleds</strong></span> <span class='ocrx_word' id='word_1_256' title='bbox 497 3630 685 3715; x_wconf 89' lang='lat' dir='ltr'><strong>optimatium</strong></span> <span class='ocrx_word' id='word_1_257' title='bbox 704 3631 873 3714; x_wconf 81' lang='lat' dir='ltr'><strong>suprrlriam</strong></span> <span class='ocrx_word' id='word_1_258' title='bbox 889 3637 977 3714; x_wconf 81' lang='lat' dir='ltr'><strong>atqua</strong></span> <span class='ocrx_word' id='word_1_259' title='bbox 992 3628 1113 3695; x_wconf 85' lang='lat' dir='ltr'><strong>iniurias</strong></span> <span class='ocrx_word' id='word_1_260' title='bbox 1128 3629 1273 3694; x_wconf 83' lang='lat' dir='ltr'><strong>violenter</strong></span> <span class='ocrx_word' id='word_1_261' title='bbox 1286 3629 1446 3695; x_wconf 81' lang='lat' dir='ltr'><strong>ulcisoero·</strong></span> 
     </span>
    </p>
   </div>
   <div class='ocr_carea' id='block_1_4' title="bbox 279 3733 1570 3820">
    <p class='ocr_par' dir='ltr' id='par_1_11' title="bbox 279 3733 1570 3820">
     <span class='ocr_line' id='line_1_33' title="bbox 279 3733 1570 3820; baseline -0.007 -17"><span class='ocrx_word' id='word_1_262' title='bbox 279 3737 377 3820; x_wconf 77' lang='lat' dir='ltr'><strong>tur&#39;).</strong></span> <span class='ocrx_word' id='word_1_263' title='bbox 403 3737 589 3818; x_wconf 83' lang='lat' dir='ltr'><strong>Quamquam</strong></span> <span class='ocrx_word' id='word_1_264' title='bbox 604 3753 652 3801; x_wconf 86' lang='lat' dir='ltr'><strong>res</strong></span> <span class='ocrx_word' id='word_1_265' title='bbox 668 3734 793 3801; x_wconf 83' lang='lat' dir='ltr'><strong>obscura</strong></span> <span class='ocrx_word' id='word_1_266' title='bbox 808 3745 862 3812; x_wconf 84' lang='lat' dir='ltr'><strong>est,</strong></span> <span class='ocrx_word' id='word_1_267' title='bbox 878 3753 976 3820; x_wconf 83' lang='lat' dir='ltr'><strong>neque</strong></span> <span class='ocrx_word' id='word_1_268' title='bbox 992 3733 1085 3819; x_wconf 78' lang='lat' dir='ltr'><strong>magis</strong></span> <span class='ocrx_word' id='word_1_269' title='bbox 1101 3733 1194 3820; x_wconf 85' lang='lat' dir='ltr'><strong>liquet</strong></span> <span class='ocrx_word' id='word_1_270' title='bbox 1209 3735 1245 3800; x_wconf 88' lang='lat' dir='ltr'><strong>de</strong></span> <span class='ocrx_word' id='word_1_271' title='bbox 1256 3733 1446 3820; x_wconf 85' lang='lat' dir='ltr'><strong>Colophoniis</strong></span> <span class='ocrx_word' id='word_1_272' title='bbox 1567 3789 1570 3794; x_wconf 89' lang='lat'>.</span> 
     </span>
    </p>
   </div>
   <div class='ocr_carea' id='block_1_5' title="bbox 278 3839 1447 3925">
    <p class='ocr_par' dir='ltr' id='par_1_12' title="bbox 278 3839 1447 3925">
     <span class='ocr_line' id='line_1_34' title="bbox 278 3839 1447 3925; baseline 0 -20"><span class='ocrx_word' id='word_1_273' title='bbox 278 3849 310 3905; x_wconf 86' lang='lat' dir='ltr'><strong>et</strong></span> <span class='ocrx_word' id='word_1_274' title='bbox 334 3840 520 3923; x_wconf 78' lang='lat' dir='ltr'><strong>Smpmaeis,</strong></span> <span class='ocrx_word' id='word_1_275' title='bbox 547 3839 605 3906; x_wconf 81' lang='lat' dir='ltr'><strong>nial</strong></span> <span class='ocrx_word' id='word_1_276' title='bbox 628 3839 709 3925; x_wconf 89' lang='lat' dir='ltr'><strong>quod</strong></span> <span class='ocrx_word' id='word_1_277' title='bbox 735 3840 988 3925; x_wconf 83' lang='lat' dir='ltr'><strong>Colophoniomm</strong></span> <span class='ocrx_word' id='word_1_278' title='bbox 1014 3839 1159 3905; x_wconf 77' lang='lat' dir='ltr'><strong>luxuriam</strong></span> <span class='ocrx_word' id='word_1_279' title='bbox 1187 3839 1329 3906; x_wconf 73' lang='grc' dir='ltr'><strong>ἰιιῐιιιιιειιι</strong></span> <span class='ocrx_word' id='word_1_280' title='bbox 1354 3839 1447 3905; x_wconf 76' lang='lat' dir='ltr'><strong>tuisse</strong></span> 
     </span>
    </p>
   </div>
   <div class='ocr_carea' id='block_1_6' title="bbox 281 3985 482 4000">
    <p class='ocr_par' dir='ltr' id='par_1_13' title="bbox 281 3985 482 4000">
     <span class='ocr_line' id='line_1_35' title="bbox 281 3985 482 4000; baseline 0 -4"><span class='ocrx_word' id='word_1_281' title='bbox 281 3985 482 4000; x_wconf 55' lang='lat' dir='ltr'><strong>*nu-“-</strong></span> 
     </span>
    </p>
   </div>
   <div class='ocr_carea' id='block_1_7' title="bbox 284 4045 1448 4550">
    <p class='ocr_par' dir='ltr' id='par_1_14' title="bbox 284 4045 1448 4462">
     <span class='ocr_line' id='line_1_36' title="bbox 349 4045 1447 4116; baseline 0.006 -21"><span class='ocrx_word' id='word_1_282' title='bbox 349 4045 375 4108; x_wconf 80' lang='lat' dir='ltr'><strong>dl</strong></span> <span class='ocrx_word' id='word_1_283' title='bbox 393 4045 504 4099; x_wconf 78' lang='lat' dir='ltr'><strong>Sinden</strong></span> <span class='ocrx_word' id='word_1_284' title='bbox 522 4047 699 4101; x_wconf 75' lang='lat' dir='ltr'><strong>rereenadisn</strong></span> <span class='ocrx_word' id='word_1_285' title='bbox 711 4055 815 4101; x_wconf 82' lang='lat' dir='ltr'><strong>veteres</strong></span> <span class='ocrx_word' id='word_1_286' title='bbox 826 4047 982 4116; x_wconf 82' lang='lat' dir='ltr'><strong>interpretes</strong></span> <span class='ocrx_word' id='word_1_287' title='bbox 994 4055 1135 4112; x_wconf 81' lang='grc' dir='ltr'><strong>εςιατειιτι</strong></span> <span class='ocrx_word' id='word_1_288' title='bbox 1146 4047 1172 4100; x_wconf 87' lang='lat' dir='ltr'><strong>ia</strong></span> <span class='ocrx_word' id='word_1_289' title='bbox 1185 4045 1304 4101; x_wconf 83' lang='lat' dir='ltr'><strong>Nestoris</strong></span> <span class='ocrx_word' id='word_1_290' title='bbox 1316 4047 1405 4102; x_wconf 79' lang='lat' dir='ltr'><strong>variis</strong></span> <span class='ocrx_word' id='word_1_291' title='bbox 1416 4047 1447 4102; x_wconf 89' lang='lat' dir='ltr'><strong>ll.</strong></span> 
     </span>
     <span class='ocr_line' id='line_1_37' title="bbox 286 4125 1448 4206; baseline 0.003 -24"><span class='ocrx_word' id='word_1_292' title='bbox 286 4131 309 4197; x_wconf 88' lang='lat' dir='ltr'><strong>i,</strong></span> <span class='ocrx_word' id='word_1_293' title='bbox 320 4130 384 4182; x_wconf 69' lang='lat'><strong>20⁰2</strong></span> <span class='ocrx_word' id='word_1_294' title='bbox 401 4125 453 4198; x_wconf 73' lang='grc' dir='ltr'><strong>ἤδη</strong></span> <span class='ocrx_word' id='word_1_295' title='bbox 469 4127 525 4205; x_wconf 67' lang='grc' dir='ltr'><strong>γάρ</strong></span> <span class='ocrx_word' id='word_1_296' title='bbox 542 4129 609 4186; x_wconf 74' lang='grc' dir='ltr'><strong><em>κατ’</em></strong></span> <span class='ocrx_word' id='word_1_297' title='bbox 626 4129 683 4204; x_wconf 76' lang='lat' dir='ltr'><strong>irai</strong></span> <span class='ocrx_word' id='word_1_298' title='bbox 700 4135 745 4186; x_wconf 80' lang='lat' dir='ltr'><strong>ard</strong></span> <span class='ocrx_word' id='word_1_299' title='bbox 762 4128 892 4204; x_wconf 67' lang='grc' dir='ltr'><strong>ἄρνεσσιν</strong></span> <span class='ocrx_word' id='word_1_300' title='bbox 907 4131 996 4204; x_wconf 65' lang='lat' dir='ltr'><strong>irrep</strong></span> <span class='ocrx_word' id='word_1_301' title='bbox 1012 4129 1083 4205; x_wconf 74' lang='grc' dir='ltr'><strong><em>ἡμῖν</em></strong></span> <span class='ocrx_word' id='word_1_302' title='bbox 1099 4127 1242 4206; x_wconf 70' lang='grc' dir='ltr'><strong>ἀνδράσιν</strong></span> <span class='ocrx_word' id='word_1_303' title='bbox 1253 4128 1392 4205; x_wconf 67' lang='grc' dir='ltr'><strong><em>ὁμίλησα,</em></strong></span> <span class='ocrx_word' id='word_1_304' title='bbox 1404 4133 1448 4186; x_wconf 79' lang='lat' dir='ltr'><strong>abl</strong></span> 
     </span>
     <span class='ocr_line' id='line_1_38' title="bbox 284 4214 1448 4290; baseline 0.003 -22"><span class='ocrx_word' id='word_1_305' title='bbox 284 4230 358 4283; x_wconf 71' lang='lat' dir='ltr'><strong>qas-</strong></span> <span class='ocrx_word' id='word_1_306' title='bbox 373 4231 388 4268; x_wconf 92' lang='lat' dir='ltr'><strong>a</strong></span> <span class='ocrx_word' id='word_1_307' title='bbox 400 4215 529 4270; x_wconf 73' lang='grc' dir='ltr'><strong>Ζτιτσαιε</strong></span> <span class='ocrx_word' id='word_1_308' title='bbox 545 4218 669 4287; x_wconf 86' lang='lat' dir='ltr'><strong>aerlptaaa</strong></span> <span class='ocrx_word' id='word_1_309' title='bbox 680 4227 751 4272; x_wconf 83' lang='lat' dir='ltr'><strong>esset</strong></span> <span class='ocrx_word' id='word_1_310' title='bbox 763 4214 851 4287; x_wconf 66' lang='grc' dir='ltr'><strong><em>ἠέπερ</em></strong></span> <span class='ocrx_word' id='word_1_311' title='bbox 863 4215 945 4290; x_wconf 76' lang='grc' dir='ltr'><strong><em>ὑμῖν,</em></strong></span> <span class='ocrx_word' id='word_1_312' title='bbox 963 4220 1130 4290; x_wconf 80' lang='lat' dir='ltr'><strong>repudiarunt</strong></span> <span class='ocrx_word' id='word_1_313' title='bbox 1141 4220 1189 4272; x_wconf 81' lang='lat' dir='ltr'><strong>isos</strong></span> <span class='ocrx_word' id='word_1_314' title='bbox 1200 4219 1366 4272; x_wconf 71' lang='lat' dir='ltr'><strong>Aristarchus</strong></span> <span class='ocrx_word' id='word_1_315' title='bbox 1378 4217 1448 4272; x_wconf 84' lang='lat' dir='ltr'><strong>elas·</strong></span> 
     </span>
     <span class='ocr_line' id='line_1_39' title="bbox 284 4299 1448 4378; baseline 0.002 -24"><span class='ocrx_word' id='word_1_316' title='bbox 284 4315 332 4370; x_wconf 73' lang='lat' dir='ltr'><strong>qas</strong></span> <span class='ocrx_word' id='word_1_317' title='bbox 348 4308 488 4356; x_wconf 68' lang='lat' dir='ltr'><strong>mirrea</strong></span> <span class='ocrx_word' id='word_1_318' title='bbox 504 4312 591 4373; x_wconf 79' lang='lat' dir='ltr'><strong>utpote</strong></span> <span class='ocrx_word' id='word_1_319' title='bbox 607 4299 788 4378; x_wconf 70' lang='grc' dir='ltr'><strong><em>Ιφύρριτταν.</em></strong></span> <span class='ocrx_word' id='word_1_320' title='bbox 811 4302 868 4360; x_wconf 80' lang='lat' dir='ltr'><strong>Arri</strong></span> <span class='ocrx_word' id='word_1_321' title='bbox 884 4303 917 4360; x_wconf 77' lang='lat' dir='ltr'><strong>di</strong></span> <span class='ocrx_word' id='word_1_322' title='bbox 934 4307 984 4360; x_wconf 81' lang='lat' dir='ltr'><strong>rori</strong></span> <span class='ocrx_word' id='word_1_323' title='bbox 1000 4303 1084 4376; x_wconf 76' lang='grc' dir='ltr'><strong><em>ἡμῖν,</em></strong></span> <span class='ocrx_word' id='word_1_324' title='bbox 1104 4305 1186 4376; x_wconf 77' lang='grc' dir='ltr'><strong>Ιιηιιίι</strong></span> <span class='ocrx_word' id='word_1_325' title='bbox 1202 4305 1386 4374; x_wconf 60' lang='lat' dir='ltr'><strong>Aristonus,</strong></span> <span class='ocrx_word' id='word_1_326' title='bbox 1401 4303 1448 4357; x_wconf 84' lang='lat' dir='ltr'><strong>sud</strong></span> 
     </span>
     <span class='ocr_line' id='line_1_40' title="bbox 286 4381 1230 4462; baseline 0.01 -22"><span class='ocrx_word' id='word_1_327' title='bbox 286 4381 385 4440; x_wconf 76' lang='grc' dir='ltr'><strong>Ιτιντὸν</strong></span> <span class='ocrx_word' id='word_1_328' title='bbox 395 4394 620 4462; x_wconf 72' lang='grc' dir='ltr'><strong>τνγναιτρισμιι·</strong></span> <span class='ocrx_word' id='word_1_329' title='bbox 629 4393 676 4445; x_wconf 78' lang='lat' dir='ltr'><strong>sol</strong></span> <span class='ocrx_word' id='word_1_330' title='bbox 689 4386 799 4451; x_wconf 71' lang='grc' dir='ltr'><strong><em>αόντττ</em></strong></span> <span class='ocrx_word' id='word_1_331' title='bbox 810 4389 876 4452; x_wconf 74' lang='lat' dir='ltr'><strong>roric</strong></span> <span class='ocrx_word' id='word_1_332' title='bbox 886 4387 955 4446; x_wconf 67' lang='grc' dir='ltr'><strong><em>καθ’</em></strong></span> <span class='ocrx_word' id='word_1_333' title='bbox 970 4386 1066 4448; x_wconf 72' lang='grc' dir='ltr'><strong><em>αὐτόν.</em></strong></span> <span class='ocrx_word' id='word_1_334' title='bbox 1227 4384 1230 4392; x_wconf 75' lang='grc'><strong>’</strong></span> 
     </span>
    </p>

    <p class='ocr_par' dir='ltr' id='par_1_15' title="bbox 355 4471 1132 4550">
     <span class='ocr_line' id='line_1_41' title="bbox 355 4471 1132 4550; baseline 0.009 -24"><span class='ocrx_word' id='word_1_335' title='bbox 355 4471 381 4536; x_wconf 79' lang='lat' dir='ltr'><strong>&#39;ll</strong></span> <span class='ocrx_word' id='word_1_336' title='bbox 397 4471 434 4526; x_wconf 76' lang='lat' dir='ltr'><strong>cl.</strong></span> <span class='ocrx_word' id='word_1_337' title='bbox 447 4473 630 4530; x_wconf 64' lang='lat' dir='ltr'><strong>&amp;haidem</strong></span> <span class='ocrx_word' id='word_1_338' title='bbox 641 4479 674 4531; x_wconf 80' lang='lat' dir='ltr'><strong>sd</strong></span> <span class='ocrx_word' id='word_1_339' title='bbox 686 4477 812 4532; x_wconf 81' lang='lat' dir='ltr'><strong>lierselld.</strong></span> <span class='ocrx_word' id='word_1_340' title='bbox 826 4477 899 4533; x_wconf 83' lang='lat' dir='ltr'><strong>Psat.</strong></span> <span class='ocrx_word' id='word_1_341' title='bbox 910 4479 984 4550; x_wconf 80' lang='lat' dir='ltr'><strong>polit.</strong></span> <span class='ocrx_word' id='word_1_342' title='bbox 996 4495 1020 4550; x_wconf 78' lang='grc' dir='ltr'><strong>η.</strong></span> <span class='ocrx_word' id='word_1_343' title='bbox 1033 4479 1076 4532; x_wconf 75' lang='lat' dir='ltr'><strong>di.</strong></span> <span class='ocrx_word' id='word_1_344' title='bbox 1124 4487 1132 4496; x_wconf 82' lang='lat'>·</span> 
     </span>
    </p>
   </div>
   <div class='ocr_carea' id='block_1_8' title="bbox 0 0 1651 4958">
    <p class='ocr_par' dir='ltr' id='par_1_16' title="bbox 0 0 1651 4958">
     <span class='ocr_line' id='line_1_42' title="bbox 0 0 1651 4958; baseline 0 0"><span class='ocrx_word' id='word_1_345' title='bbox 0 0 1651 4958; x_wconf 95' lang='lat' dir='ltr'><strong> </strong></span> 
     </span>
    </p>
   </div>
  </div>
 </body>
</html>
