3186 4958
658 489 808 590 ,233-

146 673 355 746 ἑπιθττικῶν
369 691 420 748 aut
434 682 525 747 etiarn
539 677 766 768 κατηγορικῶν
777 683 787 724 ¹
799 683 826 760 1)
846 680 1039 764 appellatione
1052 679 1089 744 ab
1103 679 1167 745 aliis
1182 679 1318 743 dbcreta.
1410 685 1416 698 '

147 783 181 846 lu
196 783 232 848 iis
247 795 357 862 autom,
373 807 447 869 quae
458 787 574 851 casibus
586 793 697 858 carent,
714 803 805 866 quum
818 785 942 867 plurima
953 785 1023 859 sint,
1038 804 1113 868 quae
1130 783 1319 848 manifestam

153 907 222 952 cuna
248 891 419 953 nominibus
444 889 650 972 cognationem
676 908 746 971 prae
768 908 800 950 se
821 889 926 962 locarat,
952 898 982 950 et
1002 889 1065 952 iure
1086 883 1233 964 πτώσεις
1246 889 1276 950 lr.
1291 907 1320 950 e.

154 993 296 1056 flexiones
310 995 464 1057 nominum
480 994 536 1057 diei
552 993 676 1076 possint,
691 1011 729 1056 ne
744 993 815 1054 baec
830 992 950 1072 quidem
965 1012 981 1054 a
995 993 1100 1055 Stoicis
1115 1013 1151 1054 ex
1166 1001 1248 1074 parte
1262 1009 1320 1053 no·

155 1094 271 1158 minum
286 1097 413 1170 exclusa,
427 1097 491 1170 sed,
506 1116 599 1178 spuunt
615 1097 676 1158 lere
692 1095 787 1157 verbis
808 1095 890 1176 quasi
905 1094 1048 1176 quaedam
1061 1094 1238 1158 adminicula
1252 1092 1321 1156 addi

155 1199 278 1274 soleant,
304 1193 450 1262 irridere
471 1191 624 1284 ῥημάτων
643 1217 668 1258 ν.
690 1190 857 1282 ῥηματικά
877 1197 954 1260 dicta
975 1217 1041 1259 esse
1061 1196 1206 1258 ridentur.
1240 1197 1321 1270 Quas

155 1311 255 1364 nutem
270 1301 380 1364 nullam
396 1301 559 1366 casualibus
571 1303 776 1384 cognationem
792 1319 861 1382 prae
877 1319 908 1362 se
924 1299 1128 1372 frumentinam
1142 1316 1203 1362 non
1218 1299 1321 1362 dubito

157 1403 230 1486 quin
245 1405 275 1468 in
290 1397 443 1489 ῥημάτων
456 1415 539 1488 pade
554 1405 715 1488 posuerint.
738 1405 942 1469 Coniecturanr
959 1404 1033 1467 bane
1047 1423 1113 1467 esse
1127 1405 1237 1467 lateor:
1252 1421 1322 1468 narn

157 1507 274 1571 disertis
295 1508 472 1572 testimoniis
494 1528 556 1573 rem
573 1509 698 1592 probare
718 1527 778 1571 nou
798 1527 930 1592 possunt.
960 1508 1019 1570 Sed
1035 1508 1261 1571 fundamentum
1277 1517 1323 1571 ta·

158 1629 227 1672 men
243 1611 429 1676 coniecturae
450 1612 647 1696 suppeditavit
661 1612 838 1687 Priscianus,
854 1612 889 1686 ll,
908 1611 946 1673 10
961 1630 990 1693 p.
1006 1611 1047 1674 51
1064 1611 1173 1685 lieris..
1189 1609 1324 1673 adverbia

158 1713 298 1776 aStoicia
317 1714 488 1778 nominibus
508 1715 553 1778 vel
576 1715 671 1778 verbis
689 1723 901 1778 connumerata
922 1734 986 1776 esse
1006 1721 1141 1777 testatus.
1171 1715 1245 1778 b'am
1267 1715 1325 1792 laec

159 1815 217 1878 vel
239 1817 306 1878 licet
326 1816 421 1898 possit
435 1817 523 1878 etiam
538 1818 582 1880 sie
596 1816 697 1898 accipi,
719 1825 753 1879 ut
768 1817 804 1878 ab
819 1816 882 1878 aliis
895 1815 1031 1878 arluerbia
1047 1816 1077 1877 in
1091 1815 1272 1889 nominibus,
1287 1815 1324 1879 ab

152 1917 223 1980 'aliis
249 1917 279 1979 in
300 1919 394 1980 serbis
415 1929 568 1982 numerata
589 1939 654 1981 esse
673 1919 817 1990 dieantur,
844 1918 928 1998 louge
949 1917 1128 1998 probabilius
1148 1927 1248 1980 tamen
1269 1927 1324 1991 est,

160 2027 283 2102 propter
303 2039 439 2101 magnam
460 2019 665 2082 adverbiorum
687 2018 954 2080 dissimilitudinem
969 2037 1030 2080 non
1045 2019 1144 2081 omnia
1159 2019 1326 2100 promiscue

161 2123 192 2184 in
211 2140 270 2185 una
285 2131 368 2205 parte
384 2131 538 2185 numerata
552 2141 627 2184 esso.
657 2121 758 2201 Neque
783 2120 884 2182 dubito
899 2120 971 2200 (prin
988 2119 1143 2202 lrlonpsios
1158 2121 1178 2182 l.
1193 2121 1212 2183 l.
1228 2119 1327 2184 miuus

161 2229 297 2288 accurate
311 2225 431 2287 locutus
446 2225 493 2298 sit,
506 2241 598 2305 quum
615 2213 686 2286 άπό
703 2218 768 2284 τῶν
782 2215 935 2304 ῥημάτων
949 2234 1082 2304 separata
1097 2223 1234 2286 asluerbia
1249 2222 1328 2296 dicit,

160 2345 215 2408 pro
243 2317 314 2388 άπὸ
334 2323 400 2388 τῶν
421 2320 576 2410 ῥημάτων
597 2321 654 2387 καὶ
677 2325 717 2400 (u.
739 2315 773 2409 ἢ)
795 2316 867 2386 άπὸ
891 2325 956 2387 τῶν
972 2317 1152 2404 ὀνομάτων.
1189 2327 1327 2388 Ceterum

92 2418 96 2426 ’
163 2430 221 2492 boe
242 2429 339 2511 ipsum
360 2421 586 2512 intpprfporoe
607 2445 718 2491 nomen
739 2445 828 2509 quem
850 2429 1005 2509 antiquum
1025 2433 1055 2490 el
1074 2449 1091 2491 a
1110 2427 1218 2510 quibus
1232 2427 1328 2490 intro·

163 2532 285 2595 ductum
300 2531 340 2594 sit
354 2531 499 2606 nescitura
515 2531 566 2593 sed
582 2530 751 2594 Aristarcho
766 2533 871 2595 saltem
887 2551 947 2594 nou
963 2533 1110 2595 recentius
1124 2551 1189 2594 esse
1205 2531 1327 2604 uidetur,

163 2635 310 2716 siquidem
326 2635 385 2698 boe
399 2633 527 2697 maxime
542 2643 661 2696 auctore-
678 2633 809 2698 doclrina
824 2636 1086 2716 grammaticorum
1109 2635 1145 2698 de
1160 2646 1244 2698 octo
1260 2651 1329 2716 par·

156 2737 238 2800 tibus
253 2737 396 2800 orationis
411 2737 533 2798 invaluit
545 2741 554 2778 ¹
565 2741 605 2812 ¹),
626 2738 656 2800 in
672 2737 779 2818 quibus
795 2737 866 2818 quin
882 2755 940 2798 uua
956 2731 1123 2818 ἐπίρρημα
1138 2736 1228 2798 luerit
1242 2734 1329 2798 dubi-

155 2840 213 2903 lari
230 2859 290 2902 non
306 2849 415 2922 potest.
438 2840 639 2902 Numerarunt
653 2849 753 2902 autom
770 2838 954 2920 grammatici
969 2838 1000 2899 iu
1015 2838 1070 2900 bae
1086 2847 1166 2918 prante
1180 2857 1214 2900 ca
1230 2837 1330 2900 oruuia

158 2942 297 3006 uocabula
313 2960 374 3005 uon
389 2941 525 3012 casualia.
542 2960 628 3024 quac,
643 2949 678 3004 ut
692 2941 825 3022 ipsorum
841 2941 937 3003 uerbis
953 2949 1028 3017 utar,
1044 2941 1142 3004 addita
1157 2941 1246 3004 uerbo
1260 2959 1329 3004 sen·

157 3063 226 3108 sum
247 3046 311 3109 eius
333 3045 456 3126 implere
476 3051 566 3125 atque
586 3046 741 3126 explanare
762 3053 813 3106 aut
836 3051 953 3106 mutare
973 3051 1025 3106 aut
1045 3044 1179 3106 minuere
1195 3043 1331 3106 sideren-

157 3147 278 3228 tur¹i),
306 3165 404 3229 neque
426 3145 596 3210 incredibile
621 3157 667 3210 cst
687 3146 775 3210 otiam
801 3166 881 3222 eum,
907 3145 958 3227 qui
984 3146 1099 3228 primus
1124 3146 1195 3209 illud
1220 3163 1331 3210 nornen

158 3250 278 3328 inuenit,
289 3252 347 3316 boe
362 3250 553 3336 potissimum
568 3261 726 3334 spectasse,
742 3250 823 3334 quod
838 3250 885 3314 illa
895 3249 1034 3314 uocabula
1047 3250 1224 3334 plerumque
1235 3249 1332 3314 serbis

160 3387 362 3400 -ιιι-ι

231 3491 273 3557 11)
291 3491 411 3558 Stepbaa.
428 3489 507 3542 selsel.
521 3491 552 3541 ad
565 3489 671 3560 Dionys.
684 3507 707 3559 p.
721 3491 780 3556 001,
793 3491 839 3544 252
857 3487 889 3542 τὸ
903 3488 1040 3544 Ιπίρττον
1053 3489 1135 3543 τοτ’-το
1148 3489 1195 3544 arsi
1208 3508 1327 3560 saspra-

162 3571 242 3647 ρινόν
254 3571 302 3629 airr'
317 3576 399 3631 terrea
410 3577 535 3628 andricas
548 3571 595 3626 ded
609 3571 641 3626 τά
655 3571 747 3646 πάντη
759 3579 927 3646 κατηγορεῖν
938 3580 1043 3644 κυρίων
1056 3569 1071 3642 ip
1085 3578 1317 3646 προαηγοριννάν.

193 3729 196 3735 ¹
236 3659 556 3730 irrecompensatum
578 3657 596 3724 Ι,
617 3661 643 3724 l,
660 3659 693 3713 te
717 3677 791 3712 uersor
812 3655 990 3712 Aristarchum
1011 3676 1043 3711 es
1065 3661 1164 3712 idoneis
1186 3661 1333 3714 auctoribus

166 3747 266 3815 graccis
278 3748 404 3813 nominat,
420 3747 462 3817 apul
475 3753 533 3798 octo
546 3751 632 3814 partas
644 3745 727 3798 sacnti
739 3746 798 3798 sint.
823 3747 894 3812 Quod
906 3753 990 3798 autem
1005 3744 1140 3798 Leracbius
1154 3746 1212 3808 tilia
1223 3747 1334 3816 Sprsclr·

167 3833 318 3904 philosoph.
328 3835 352 3886 d.
370 3833 424 3888 All.
441 3831 460 3885 li
474 3849 497 3902 p.
510 3831 554 3895 all
571 3832 620 3884 iarn
636 3840 695 3885 aule
706 3832 882 3885 Aristarchum
895 3831 996 3884 Stoicos
1012 3833 1075 3885 barre
1091 3841 1189 3900 partem
1201 3835 1336 3904 oratioais,

163 3936 309 3990 quamquam
322 3921 430 3974 aemon
442 3913 635 3987 dnsppiprssas
646 3919 746 3971 seruies
757 3917 924 3988 appellatam,
941 3935 1075 3986 separasse
1086 3935 1101 3972 a
1113 3921 1210 3974 ceteris
1222 3931 1250 3974 st
1261 3923 1335 3991 qais·

163 4022 212 4076 qua
224 4009 348 4073 partibus,
361 4004 464 4070 neaniai,
477 4003 654 4074 appellationi,
666 4005 756 4070 verbe,
767 4006 889 4072 articulo,
901 4007 1088 4072 senientiam,
1102 4009 1166 4061 Aaac
1177 4016 1278 4062 asstare
1290 4011 1336 4063 ad·

140 4095 147 4106 '
164 4093 261 4146 didisse
281 4099 408 4156 autumat,
429 4105 524 4144 vercor
543 4097 572 4142 ut
588 4090 692 4158 probari
708 4091 798 4160 pessit.
823 4091 887 4145 liam
900 4093 1044 4162 Antipater,
1061 4095 1104 4164 gul
1120 4092 1264 4164 μεσότητα
1276 4103 1335 4168 (gas

165 4179 265 4232 semiss
278 4178 400 4232 adverbia
412 4177 539 4247 appellata
550 4191 608 4228 esse
618 4191 676 4228 maa
686 4177 840 4242 ridebimus)
848 4179 977 4231 addidisse
986 4179 1095 4248 quiaque
1104 4180 1222 4247 partibus
1231 4183 1328 4237 dicitas

165 4264 316 4320 Aristarelra
334 4263 464 4318 rceaatior
479 4261 541 4328 luit,
558 4277 639 4330 acqua
654 4277 713 4326 sas,
731 4263 774 4331 qui
785 4263 945 4333 narddsrpr
955 4265 1020 4318 basa
1032 4273 1129 4334 partera
1141 4267 1240 4322 dirisas
1252 4237 1338 4340 par-Al:

167 4351 269 4418 beatam
281 4351 440 4422 asllpuiorss
452 4345 533 4404 iaisss
545 4345 666 4402 credibile
677 4356 727 4404 cst.

239 4439 280 4506 1³)
298 4436 339 4494 cl.
351 4435 453 4492 Charis.
464 4433 495 4504 lt,
510 4435 541 4490 tt
553 4451 577 4505 ρ.
591 4436 639 4489 lau
651 4431 719 4491 iisil.
744 4436 855 4493 blo-st.
868 4435 879 4493 i
891 4453 915 4508 p.
927 4439 988 4495 100.
1011 4439 1134 4496 Prisciaa.
1146 4439 1218 4510 xvi,
1232 4441 1255 4498 1.

1071 4550 1132 4613 ib*
