3186 4958
683 519 835 620 ..²2⁵-

182 729 243 794 quo
258 709 347 775 mede
361 716 446 796 pater
459 710 608 792 Agricolae
622 719 726 775 nactus
741 709 789 783 sit,
805 709 990 792 ignoramus:
1005 713 1136 772 attamen
1149 724 1212 772 non
1223 715 1348 794 propter

181 815 310 898 aliquem
326 815 530 896 magistratum
547 816 575 879 id
592 815 747 897 contigisse
763 832 816 899 pro
832 824 912 878 certo
927 813 1074 877 albrmare
1089 812 1172 875 licet:
1193 810 1251 875 boc
1266 811 1346 873 enim

181 917 301 983 Tacitus
316 936 377 983 non
391 917 496 982 inisset
510 919 628 982 silentio
644 917 922 1003 praetermissurus:
942 921 972 979 et
992 917 1157 1001 permultos
1176 916 1258 978 nulle
1281 935 1347 978 ma·

181 1022 304 1104 gistratu
319 1031 403 1103 gesto
418 1021 448 1084 in
463 1031 600 1086 senatum
617 1021 758 1084 beneficio
773 1020 940 1104 principum
954 1019 1075 1081 allectos
1089 1037 1154 1080 csse
1170 1027 1295 1091 constat,
1311 1036 1347 1081 ex

182 1144 243 1207 quo
264 1142 370 1206 genere
391 1124 416 1186 si
431 1131 515 1209 pater
527 1125 676 1206 Agricolae
692 1124 757 1197 luit,
773 1123 858 1194 tilius,
873 1120 1007 1204 quamuis
1022 1129 1052 1181 et
1066 1120 1127 1201 ipse
1141 1119 1281 1182 senatorii
1296 1138 1348 1184 or·

183 1227 270 1298 diuis,
294 1227 478 1290 nobilitatem
499 1236 579 1290 certe
599 1227 710 1290 nullam
731 1225 800 1288 binc
820 1232 981 1310 acceperat.
1011 1223 1244 1304 Haudquaquam
1260 1222 1349 1304 igitur

182 1328 344 1392 absurdum
358 1329 424 1404 tuit,
438 1329 516 1393 banc
529 1332 644 1404 saltem,
659 1349 749 1412 quam
764 1328 801 1392 ab
813 1327 873 1391 aris
885 1334 1046 1411 acceperat,
1062 1325 1244 1388 nobilitatem
1256 1344 1348 1405 eque·

182 1439 274 1494 strom
289 1430 385 1494 obiter
400 1431 639 1504 commemorari,
655 1432 906 1514 quemadmodum
924 1427 1053 1492 a'iacite
1072 1428 1182 1491 tactum
1198 1437 1260 1490 est:
1277 1427 1348 1490 illud

182 1543 281 1596 autem
297 1534 343 1597 ria
357 1533 504 1608 credibile,
520 1533 1021 1598 huiusmodicommemorationem
1036 1530 1121 1595 alicui
1143 1530 1349 1616 interpolatori

183 1637 214 1702 in
229 1647 361 1702 mentem
377 1625 476 1702 venire
491 1637 633 1721 potuisse.

271 1743 340 1828 Cap.
357 1741 390 1820 ll,
407 1741 436 1806 2.
467 1741 537 1806 Nec
561 1738 731 1825 Agricola
757 1739 932 1819 licenter,
959 1758 1057 1804 mora
1083 1739 1260 1803 iuvenum
1286 1739 1349 1822 qui

184 1845 361 1910 militiam
395 1845 430 1910 in
459 1845 644 1910 lasciniam
673 1853 839 1920 vertunt,
871 1863 988 1926 neque
1019 1843 1183 1926 segniter
1206 1841 1250 1907 ad
1284 1861 1349 1906 ro·
1424 1883 1426 1886 .

184 1947 348 2033 luptates
371 1957 407 2012 et
428 1959 659 2014 commeatus
682 1949 834 2012 titulum
858 1947 1077 2010 tribunatus
1097 1951 1133 2008 et
1154 1945 1349 2010 inscitiam

183 2049 324 2112 retulit.
369 2049 542 2114 Universam
565 2050 653 2113 buius
669 2051 723 2112 leci
739 2049 928 2122 sententiam,
939 2059 971 2112 et
985 2049 1056 2130 quid
1070 2049 1110 2111 sit
1129 2049 1164 2113 ad
1185 2050 1351 2134 voluptates

183 2157 214 2213 et
229 2155 414 2213 commeatus
429 2151 545 2214 titulum
562 2151 728 2214 tribunatus
739 2161 771 2215 et
782 2151 925 2214 inscitiam
937 2151 1057 2225 reterre,
1072 2149 1220 2231 praeclare
1232 2150 1352 2214 lt'erius

185 2253 334 2314 enodavit:
350 2251 380 2316 in
400 2252 517 2316 duobus
538 2261 637 2316 tamen
654 2253 750 2316 verbis
772 2271 889 2335 neque
911 2252 1076 2332 segniter
1096 2251 1218 2315 odendit
1237 2251 1353 2316 duabus

184 2354 220 2416 de
236 2355 342 2418 causis.
372 2353 505 2418 Primum
522 2355 551 2417 in
567 2355 625 2418 boc
640 2363 793 2430 contextu,
808 2374 902 2437 quurn
917 2362 1056 2436 apparent
1066 2354 1143 2418 istud
1159 2372 1276 2436 neque
1292 2373 1353 2418 nen

116 2441 119 2448 ’
182 2475 270 2540 posse
290 2457 394 2521 reierri
421 2459 457 2520 ad
477 2465 682 2540 antegressum
704 2475 785 2531 nec,
810 2477 869 2538 quo
893 2465 991 2520 totum
1007 2457 1065 2520 boc
1079 2457 1266 2520 enuntiatum
1282 2476 1365 2521 cum*

184 2561 377 2625 antecedente
392 2561 562 2646 copuletur,
577 2561 714 2624 debuisse
737 2559 836 2643 potius
856 2567 918 2624 aut
943 2561 1104 2642 segniter
1123 2559 1224 2624 scribi:
1245 2561 1353 2625 deinde

183 2664 257 2727 uibil
278 2684 353 2748 opus
373 2665 464 2730 luisse
485 2666 607 2750 eosqui
627 2665 792 2747 voluptates
813 2668 997 2728 sectarentur
1016 2663 1046 2728 in
1067 2663 1126 2728 aluo
1140 2665 1223 2747 quasi
1243 2685 1353 2746 genera

185 2767 326 2850 digerere,
347 2787 476 2852 quorum
497 2769 582 2833 alteri
601 2769 723 2832 licenter
742 2776 773 2830 et
788 2769 893 2830 lascire
908 2767 936 2830 id
953 2769 1093 2843 iacerent,
1108 2769 1192 2832 alteri
1207 2770 1353 2851 segniterr

184 2891 218 2935 ac
233 2889 270 2934 ne
282 2872 385 2936 cadere
400 2872 520 2956 quidem
536 2871 690 2954 segnitiem
707 2871 736 2935 in
752 2871 818 2934 illos
832 2871 1017 2953 voluptatum
1032 2877 1201 2935 sectatores.
1232 2873 1353 2945 ,.b'am·‘

184 2973 279 3056 inquit
299 2992 430 3058 „segnes
444 2975 586 3040 desidiam
609 2975 708 3059 potius
729 2985 897 3058 sequuntur
911 2995 1000 3058 quam
1016 2975 1181 3059 voluptates
1197 2975 1353 3040 lasciuien-

183 3077 259 3141 tium
274 3087 305 3141 et
320 3079 533 3143 exsultantium
553 3079 816 3142 aalolescemtuma.
846 3079 968 3142 Videtur
989 3079 1078 3161 igitur
1099 3078 1142 3142 sir
1162 3079 1354 3144 doctissimus
1476 3067 1478 3070 ⁵

183 3197 245 3243 non
264 3179 337 3245 alias
358 3201 448 3263 quam
469 3183 577 3246 borum
602 3183 767 3264 uoluptates
793 3201 961 3262 agnoscere.
1012 3181 1157 3264 Equidem
1177 3183 1355 3246 crediderim

161 3353 163 3356 ,
184 3281 272 3346 etiam
292 3284 431 3365 segnibus
451 3293 482 3348 et
497 3284 640 3348 inertibus
661 3304 730 3348 suas
751 3283 894 3367 quasdam
917 3285 1082 3369 voluptates
1106 3306 1171 3350 esse
1197 3305 1267 3349 cum
1291 3287 1356 3370 ipsa

184 3404 273 3466 quam
289 3391 459 3468 sequuntur
471 3385 581 3450 desidia
593 3387 780 3450 coniunctas:
797 3403 894 3468 neque
905 3387 1045 3469 intelligo,
1060 3389 1085 3451 si
1099 3387 1220 3452 inerunt
1230 3388 1291 3452 duo
1303 3410 1357 3473 ge·

183 3505 254 3549 ruera
275 3487 440 3572 voluptates
460 3489 651 3562 sectantium,
672 3522 715 3536 -
734 3499 768 3551 ut
788 3489 911 3552 luerunt
931 3489 996 3553 sine
1016 3491 1122 3565 dubio,
1144 3527 1186 3540 -
1206 3511 1262 3556 cur
1283 3493 1358 3556 baec

184 3589 272 3652 etiam
288 3591 413 3654 discreta
428 3611 445 3654 a
460 3591 561 3654 Tacito
575 3609 662 3671 aegre
676 3591 816 3654 ieramus.
848 3591 888 3654 lle
903 3591 993 3654 altera
1009 3595 1171 3656 otlensione
1186 3594 1230 3658 sic
1243 3600 1357 3669 statue,

184 3699 217 3755 ut
231 3691 364 3774 potuisse
379 3693 500 3776 quidem
515 3701 580 3757 aut
599 3692 768 3774 segniter
783 3693 871 3755 scribi
886 3693 1056 3768 concedam,
1071 3697 1123 3759 scd
1139 3697 1294 3760 terendum
1309 3707 1356 3761 ta·

184 3812 254 3857 men
270 3794 360 3858 etiam
378 3813 497 3878 neque
517 3793 682 3877 segniter
703 3793 890 3856 contendam.
935 3795 1009 3858 Nam
1031 3795 1100 3871 ista,
1122 3817 1211 3881 quam
1233 3797 1358 3864 ll'erius

182 3897 315 3979 requirit,
334 3897 546 3980 particularum
565 3913 630 3959 uec
648 3905 680 3959 et
700 3913 818 3978 neque
837 3905 940 3959 mutua
963 3900 1116 3983 responsio
1138 3911 1170 3962 et
1184 3901 1269 3982 quasi
1284 3921 1358 3967 cor·

181 3999 286 4062 relatio
301 4009 349 4064 est
364 3999 412 4062 illa
427 3999 548 4082 quidem
564 3999 649 4082 longe
663 3997 916 4080 frequentissima,
932 4015 1029 4084 neque
1044 4009 1144 4065 tamen
1159 4002 1202 4066 sic
1215 4021 1285 4066 cum
1302 4025 1358 4087 ge-

183 4101 275 4166 nuina
289 4103 395 4166 barum
410 4101 621 4188 particularum
636 4109 742 4164 natura
756 4109 787 4163 et
797 4100 1008 4183 significatione
1019 4103 1186 4178 coniuncta,
1200 4117 1235 4168 ut
1249 4108 1359 4192 negligi

55 4297 56 4302 γ
182 4221 337 4289 uunquam
352 4205 456 4288 possit.
482 4205 520 4268 Et
534 4205 802 4286 neglexeruuteam
818 4203 907 4268 etianr
921 4203 979 4278 alii,
994 4206 1075 4270 reiut
1090 4205 1256 4282 Sallustius,
1271 4209 1358 4276 Catil.

183 4337 209 4384 ο.
225 4307 255 4385 2,
273 4307 311 4372 ὃς
332 4307 569 4390 aequabilius
588 4315 700 4391 atque
723 4305 961 4372 constantius
982 4327 1066 4373 sese
1087 4327 1147 4374 res
1168 4309 1360 4380 humanae

181 4413 507 4494 baberent,uaqua
522 4409 707 4476 atiudalio
722 4409 836 4484 terri,
851 4427 973 4492 neque
994 4413 1360 4484 mutariacmisceri

182 4513 304 4578 omnia
325 4513 481 4576 cidares.
526 4517 672 4596 Apparet,
691 4511 815 4594 opiner,
835 4511 885 4576 bic
906 4531 1026 4598 quoque
1043 4517 1128 4599 prius
1147 4529 1267 4602 nequa
1282 4521 1359 4588 nihil
