3186 4958
222 653 395 718 carlmnario
415 661 554 734 unquam
571 649 666 714 omini
682 651 835 715 interitum
851 650 1033 736 Dicaeonolia
1048 650 1212 724 minitetur,
1227 641 1274 726 ιὸς
1295 643 1390 713 ἄπω-

221 751 392 836 Murenae,
425 757 603 826 exclamant,
638 745 658 815 ri
692 747 812 836 λάρκος
845 748 989 840 ὀημόιης
1023 742 1079 816 ὅδ’
1109 742 1175 817 ἔστ’
1203 746 1298 832 inor:
1330 772 1391 816 raa

224 857 351 921 nobie·
378 857 561 939 cophinus
586 857 647 920 iiie
669 877 827 941 paganus
849 877 952 922 mens
972 869 1047 921 eat:
1076 875 1150 940 quae
1172 857 1345 920 exclamatio
1366 857 1391 920 ai

223 977 287 1024 roan
308 961 449 1023 Acharnia
476 961 523 1042 agi
549 969 690 1044 putamus
711 961 853 1035 absurda,
881 971 960 1026 recta
980 971 1080 1026 autem
1102 969 1133 1022 ei
1152 959 1330 1024 conveniens
1349 959 1392 1023 aio

222 1061 344 1126 demum
359 1073 413 1136 eat,
430 1064 455 1127 si
471 1065 500 1127 in
516 1065 611 1128 alieno
627 1085 702 1148 pago
714 1083 858 1150 paganum
871 1083 959 1128 snum
971 1065 1168 1146 conspiciunt.
1194 1062 1280 1138 Quod
1292 1071 1391 1126 autem

222 1165 259 1228 ad
282 1166 435 1247 superiora
456 1167 503 1229 iiia
524 1167 737 1252 oimooporioo
761 1168 847 1232 recisa
867 1168 985 1240 attinet,
1007 1168 1057 1230 ubi
1078 1167 1155 1230 inter
1174 1165 1243 1237 aiio,
1264 1183 1340 1247 quac
1361 1165 1391 1228 in

222 1287 298 1352 pago
313 1287 368 1333 suo
384 1287 443 1332 non
458 1269 620 1344 audianum,
636 1271 725 1334 eiiam
742 1271 811 1334 iliud
828 1260 997 1354 ἄνθρακας
1013 1269 1100 1352 πρίω
1114 1279 1269 1342 memorat,
1286 1269 1392 1332 rectis·

224 1373 300 1438 aime
317 1373 353 1438 de
369 1374 413 1437 iria
428 1394 444 1438 a
462 1374 567 1437 ii'oiiio
582 1375 741 1438 indicarum
757 1380 817 1448 osi,
834 1373 884 1455 qui
900 1392 1019 1436 onrncm
1035 1393 1104 1436 cunr
1121 1375 1220 1438 locum
1236 1391 1391 1455 compara·

223 1477 263 1540 rit
290 1495 359 1540 cum
385 1479 494 1541 naiaaio
519 1477 664 1558 hodieque
691 1477 769 1540 noris
795 1487 962 1540 ornatorum
982 1497 1134 1550 sermono,
1162 1495 1255 1559 quum
1275 1479 1391 1541 dicunt:

224 1580 528 1644 AuidcmLanele
550 1581 827 1644 n·iciasteine1u
850 1579 1014 1644 alloazu:
1039 1599 1120 1644 rrran
1141 1581 1391 1645 braucirtaurn

224 1682 507 1746 Lebensbedari
529 1701 594 1764 gar
619 1683 741 1747 rrichte
767 1701 809 1746 au
834 1682 983 1746 ironico:
1015 1701 1090 1765 quac
1112 1683 1199 1747 rerba
1220 1702 1309 1746 nemo
1329 1691 1392 1745 tam

223 1786 404 1860 cinitonem,
419 1795 454 1850 ιιι
469 1804 592 1870 prorsus
607 1787 643 1848 ad
658 1785 811 1849 acritatem
826 1785 926 1850 omnia
941 1785 997 1849 dici
1012 1785 1171 1850 existimet.
1203 1787 1304 1870 itaque
1320 1785 1391 1850 nihil

223 1890 301 1952 aliud
316 1909 351 1952 ex
368 1907 395 1950 r.
411 1889 451 1952 34
468 1889 530 1952 iuro
545 1887 640 1970 colligi
655 1907 741 1972 posse
756 1887 898 1961 diceano,
915 1887 972 1950 nisi
983 1888 1127 1952 carbones
1138 1890 1168 1952 in
1180 1888 1392 1971 liicaeopoiidia

224 2011 307 2076 pago,
317 1993 386 2056 iicet
396 2009 457 2054 non
468 1993 507 2056 ibi
518 2001 647 2074 paratos,
662 2009 723 2055 noo
736 1997 835 2055 iamen
845 2000 904 2054 lam
915 1989 1042 2053 molesto
1053 1990 1241 2054 vendentium
1252 1991 1391 2064 clamore,

225 2114 314 2176 quam
335 2095 474 2168 inorbo,
497 2093 673 2178 proclamari
693 2096 796 2158 solitos
816 2115 892 2158 ease.
923 2096 1071 2158 Acharnai
1094 2113 1161 2159 rero
1183 2095 1264 2159 hunc
1283 2113 1391 2179 pagum

224 2215 285 2261 non
300 2218 365 2262 esse
385 2199 473 2262 eiiam
488 2199 551 2262 aiiis
566 2199 681 2262 indiciis
696 2199 894 2262 demonstrari
910 2205 1016 2282 potest
1047 2197 1180 2262 Primum
1196 2216 1259 2262 non
1274 2199 1391 2280 ignora-

225 2299 275 2364 bat
290 2301 472 2387 Dicaeopoiia
486 2307 669 2386 quantopere
684 2303 886 2366 Acharneusca
907 2311 1030 2386 proptor
1044 2320 1146 2384 pacem
1161 2321 1230 2364 cum
1246 2301 1392 2366 Laccdae-

226 2405 334 2468 moniis
348 2405 456 2470 facum
472 2403 537 2468 irati
552 2413 668 2468 essent:
684 2405 713 2468 id
729 2405 809 2468 enim
825 2423 861 2467 ex
876 2405 1056 2488 Amphitheo
1071 2413 1255 2487 cognoverat,
1270 2423 1296 2468 r.
1316 2405 1392 2479 1803

225 2526 322 2590 neque
338 2527 406 2572 rero
421 2507 520 2572 iniiere
535 2527 603 2572 eum
620 2513 746 2592 peierat,
763 2509 838 2571 hauc
851 2507 926 2570 irom
942 2526 1002 2571 non
1017 2509 1107 2570 morio
1122 2509 1153 2570 iu
1168 2507 1392 2591 Amphitheam,

225 2613 310 2676 cuius
325 2611 388 2694 ipsc
403 2610 568 2675 ministerio
582 2631 654 2676 usus
669 2621 741 2682 erar,
756 2611 807 2674 aed
824 2611 917 2692 magia
932 2611 1021 2674 etiam
1037 2611 1065 2674 in
1076 2631 1142 2675 aeae
1153 2611 1305 2675 incensam
1317 2633 1392 2688 esse,

225 2713 254 2777 io
276 2713 354 2794 quoni
377 2733 447 2776 mon
463 2732 495 2776 rc
510 2713 572 2796 ipsa
587 2715 812 2796 comprobatum
830 2713 972 2786 videmus,
994 2733 1020 2775 ι.
1036 2715 1097 2778 239
1113 2719 1143 2777 ei
1159 2715 1221 2777 280
1236 2733 1303 2797 sqq.
1334 2716 1392 2780 iia·

226 2835 283 2897 quc
303 2816 329 2878 oi
350 2825 466 2890 umen,
487 2833 580 2896 quum
599 2835 634 2878 ex
655 2815 728 2878 urbe
749 2835 800 2878 aua
822 2835 910 2878 auum
935 2825 1038 2899 peteras
1052 2817 1137 2888 obiit.
1159 2817 1308 2881 ieirarnaa
1323 2837 1392 2882 eum

225 2917 330 2982 obiisse
345 2917 492 2988 volumus.
507 2916 577 2998 quid
593 2915 672 2978 aliod
684 2934 772 2998 quarn
785 2917 815 2978 in
825 2935 893 2980 enm
905 2935 1012 3001 pagum
1022 2917 1127 2980 abiisse
1137 2918 1286 2992 volomus,
1302 2908 1391 3002 quem

227 3019 361 3082 omnium
379 3019 506 3082 unanime
522 3017 577 3080 eibi
593 3018 745 3090 infestum,
762 3018 887 3100 ideoque
903 3019 1052 3082 uitandum
1068 3021 1272 3102 potiusquam
1289 3031 1394 3105 poten·

226 3121 298 3184 dum
325 3140 390 3184 enac
418 3117 531 3182 sciret?
564 3117 658 3182 Porro
676 3119 701 3182 ai
724 3119 905 3202 Dicaeopolia
926 3120 1068 3184 iohannis
1087 3127 1148 3194 esi,
1175 3123 1282 3186 ibidem
1304 3126 1394 3189 eiiam

226 3225 351 3287 chonrnr
367 3223 434 3286 inde
450 3241 475 3285 a.
491 3239 518 3284 r.
535 3223 597 3284 204
613 3231 777 3284 remnniem
793 3221 913 3303 cogiiari
928 3239 1047 3284 necesse
1063 3227 1117 3284 osi.
1146 3225 1280 3288 Accurrit
1295 3235 1394 3289 autom

227 3323 267 3388 ibi
287 3325 396 3388 chorus
410 3323 623 3410 Amphiaheum
644 3323 805 3405 fugientem
826 3341 1017 3404 persequens.
1048 3324 1126 3396 Quid
1150 3325 1263 3406 igitur?
1283 3327 1395 3391 adeone

228 3427 337 3490 aiuiroa
357 3425 413 3488 hoa
428 3425 566 3488 homines
581 3425 672 3488 iuiase
687 3425 888 3496 censebimus,
909 3435 943 3487 ιιι
958 3424 1041 3487 iilum
1056 3445 1093 3489 eo
1108 3428 1277 3510 confugisse
1292 3429 1394 3494 crocle·

226 3537 309 3601 rent,
331 3527 382 3592 ubi
404 3528 532 3592 manime
552 3526 712 3590 uerendum
727 3537 808 3590 esaei
822 3545 859 3590 no
874 3526 954 3611 ipsis,
969 3527 1121 3590 acerrimis
1136 3531 1198 3594 auio
1213 3531 1395 3604 advorsariis,

228 3627 419 3696 occurreret?
453 3631 549 3694 immo
569 3630 613 3694 aio
631 3629 732 3716 potius
752 3646 816 3692 rom
838 3628 993 3693 rehabere
1013 3629 1156 3694 dicemus.
1190 3633 1394 3696 richarnensea

227 3733 268 3798 iili
294 3733 458 3798 carbonarii
482 3753 517 3798 cx
539 3753 613 3820 pago
635 3731 1119 3819 euo‚aehamis,nnrp11iiueum
1142 3733 1306 3816 fugientem
1326 3753 1395 3820 pcr-

227 3847 386 3920 aeqoentee
401 3855 462 3902 oon
477 3838 626 3902 neharoaa
641 3845 839 3909 revertuntur,
854 3833 906 3900 ubi
921 3857 953 3900 se
968 3855 1036 3900 eum
1049 3835 1222 3901 inventuros
1237 3857 1302 3902 esea
1313 3837 1395 3903 nullo

229 3940 320 4004 modo
339 3959 457 4025 operare
472 3951 623 4024 poteram,
643 3941 695 4006 aed
714 3939 805 4004 alium
826 3939 997 4024 quempiam
1018 3941 1117 4005 iocum
1133 3947 1257 4027 petunt..
1272 3960 1332 4024 quo
1347 3941 1395 4006 illc

229 4041 354 4108 iorum
369 4045 527 4127 coningere
542 4043 681 4130 potuerit.
703 4043 802 4128 ibique
817 4061 911 4128 eruum
927 4043 1115 4130 Diceeopoiio
1130 4043 1289 4120 inveniant,
1304 4062 1395 4129 quern

230 4145 272 4210 iiii
286 4145 365 4231 pecie
379 4147 529 4212 faciendae
543 4157 693 4213 auctorem
705 4147 798 4212 inim
808 4165 870 4212 noo
881 4147 1025 4230 ignorent,
1040 4147 1100 4212 hm
1113 4149 1204 4214 miano
1215 4149 1395 4231 Amplriiheo

231 4249 421 4315 rohemenier
435 4251 465 4315 io
479 4251 560 4318 hunc
574 4251 764 4316 invehuntur.
788 4251 817 4316 ia
831 4261 931 4316 autem
947 4251 1032 4318 iocos
1047 4263 1080 4317 ui
1094 4253 1169 4320 aliua
1183 4271 1273 4336 quam
1285 4251 1396 4318 euolu-

233 4353 339 4418 darom
354 4372 446 4438 pagna
460 4373 524 4419 eaeo
539 4357 677 4422 credatur
690 4355 770 4420 nuiia
786 4355 920 4440 profano
934 4373 1022 4420 musa
1036 4366 1091 4422 est.

318 4456 412 4522 serio
428 4457 674 4544 Gryphianaldiae
688 4475 792 4524 manaa
806 4457 962 4526 memori
976 4475 1045 4524 ann.
1059 4459 1296 4528 MDCCCLXVH.
