3186 4958
641 352 790 452 -Q-

127 513 250 604 laudis
262 561 443 627 superare
464 551 499 606 ct
515 551 600 626 post
613 560 650 606 se
666 543 904 623 relinquere,
920 543 1071 626 quoniam,
1086 545 1137 626 qui
1151 543 1249 626 aliqua
1263 561 1296 608 re

127 643 295 719 excesserit,
321 645 345 709 is
361 665 421 718 non
436 646 562 730 amplius
577 647 607 709 in
622 665 656 708 ea
671 647 718 719 sit,
744 646 795 708 sod
819 665 883 709 eam
900 647 944 708 rol
960 647 1106 731 superarit
1121 648 1165 710 rel
1180 655 1249 729 post
1263 667 1296 710 se

127 747 286 827 reliquerit.
332 749 420 830 lltqui
435 749 533 812 obstat
548 749 616 812 buic
630 747 863 830 interpretationi
880 759 1019 811 constans
1034 767 1106 812 usus
1122 750 1198 812 illius
1213 750 1294 812 alala·
1406 735 1411 745 ¹

128 849 179 911 tivi
193 868 234 912 eo
249 869 317 912 cum
333 851 461 932 genitivo
476 850 661 924 salamantini,
688 852 776 913 veluti
792 869 873 932 supn
895 869 921 912 c.
938 848 989 922 29,
1017 851 1052 913 3:
1079 871 1121 914 oo
1148 851 1296 936 inopiae

127 969 269 1014 venere.
314 954 389 1014 dnn.
405 951 466 1024 XV,
485 955 516 1015 l:
539 973 581 1015 eo
604 953 1141 1034 contemptionisdescensum.
1173 955 1218 1026 111,
1239 954 1293 1016 10:

128 1073 168 1116 eo
187 1054 362 1118 audaciae
383 1065 611 1139 provectum.
658 1055 730 1117 llist.
755 1056 802 1125 111,
828 1056 880 1118 li:
904 1075 946 1118 eo
968 1055 1113 1118 ardoris
1136 1075 1296 1140 prorec-

128 1167 205 1231 tus‚
231 1157 353 1239 aliisque
370 1159 441 1222 locis
456 1157 728 1221 innumerabilibus.
768 1159 927 1241 erumqne
953 1158 1130 1221 excedere
1156 1159 1295 1222 etiamis

128 1260 184 1323 dici
210 1261 313 1343 possit,
339 1261 390 1344 qui
416 1283 452 1325 cx
478 1261 634 1325 bumilioro
656 1263 721 1324 loco
736 1262 766 1324 in
781 1262 965 1346 superiorem
980 1261 1076 1324 eradit
1093 1262 1137 1324 rel
1152 1261 1295 1334 everritur.

129 1363 207 1426 nulla
219 1363 352 1446 pmlecto
364 1383 448 1428 causa
461 1375 516 1440 est,
529 1365 688 1446 rqrrominns
699 1365 787 1428 etiam
803 1387 845 1426 eo
862 1363 983 1428 inustis
998 1365 1175 1428 excedere
1190 1364 1294 1427 eodem

128 1485 218 1530 sensu
235 1485 295 1550 qno
309 1488 350 1530 eo
365 1467 490 1532 laudis
510 1469 616 1532 erebi
631 1469 753 1532 «lictatur.
799 1467 942 1532 intellexit
958 1469 1014 1532 boc
1028 1469 1085 1531 iam
1102 1467 1296 1532 ltubnlrenius

129 1571 163 1634 ad
181 1571 270 1634 llutil.
285 1571 359 1654 bap.
376 1573 397 1646 1,
421 1573 440 1636 a
456 1595 484 1658 p.
501 1573 553 1647 111,
577 1572 629 1636 abi
649 1573 788 1636 Grononii
813 1571 1051 1636 emomlationem
1078 1572 1295 1644 oscendere.

130 1673 263 1755 quamvis
288 1675 414 1750 laedam,
441 1694 501 1740 non
527 1685 627 1740 tamen
653 1677 847 1740 necessariam
870 1695 937 1739 osso
959 1677 1098 1751 ostendit,
1124 1683 1295 1759 urrinnando

130 1777 218 1841 etiam
238 1777 303 1840 loco
320 1777 422 1844 Valerii
443 1779 516 1843 llax.
534 1779 572 1856 11,
592 1779 626 1854 b,
648 1781 683 1841 l:
707 1797 764 1842 rea
785 1779 928 1864 publica
948 1779 1180 1860 procedente
1202 1789 1295 1841 tenr-

130 1881 275 1967 poread
291 1900 470 1945 summum
491 1881 632 1966 imperii
656 1881 844 1963 fastigium
867 1882 1046 1952 excessit.
1068 1882 1148 1964 qnod
1163 1881 1296 1964 quidest

130 1985 208 2048 aliud
234 2003 323 2066 quam
350 1995 473 2048 erecta
498 1982 581 2048 esti
623 1984 725 2066 Neque
752 1985 866 2048 diversa
892 1994 938 2046 ost
958 1985 1038 2048 rerlri
1058 1985 1229 2065 significatio
1248 2004 1295 2066 ap.

130 2087 258 2151 l'linium
276 2087 310 2150 ll.
327 2087 360 2150 a'.
376 2087 496 2162 xxvii,
518 2091 550 2161 l,
570 2089 580 2150 l
608 2097 711 2170 (quem
726 2087 826 2150 locum
840 2087 1019 2151 l'orcellinus
1034 2088 1160 2164 citaritt:
1183 2107 1298 2151 enoe-

131 2191 257 2254 dentia
280 2190 320 2254 in
343 2191 461 2254 nubes
482 2191 634 2272 ingan)
650 2225 694 2238 -·
708 2193 774 2253 lam
792 2211 861 2254 vero
877 2191 1116 2272 insequentibus
1137 2191 1297 2254 ablativum

131 2313 202 2376 quo
217 2313 286 2356 cum
302 2295 391 2356 serbo
407 2294 673 2358 inclaruerunt
688 2293 820 2356 construi
835 2310 896 2356 non
913 2314 1015 2377 posse,
1030 2293 1081 2356 sed
1097 2293 1217 2367 eodem,
1237 2313 1298 2375 qim

129 2395 394 2460 demonstrativum
418 2417 475 2471 eo,
501 2397 664 2476 significatu
684 2396 766 2461 locali
787 2395 841 2468 rel,
868 2396 893 2458 si
916 2395 982 2476 quis
1002 2413 1070 2457 carna
1086 2393 1195 2457 liritrio
1215 2395 1297 2478 loqui

131 2500 223 2574 malit,
244 2518 298 2585 pro
320 2501 457 2564 adverbio
478 2501 534 2563 loci
550 2501 640 2583 accipi
656 2500 763 2562 delere
785 2507 921 2582 apparot3
942 2517 1094 2580 quumque
1115 2499 1159 2560 sic
1179 2498 1297 2580 aliquod

129 2603 252 2667 verbum
268 2623 336 2668 cum
351 2604 561 2686 significatione
577 2603 730 2677 morendi,
752 2603 790 2666 illi
810 2601 892 2666 alteri
912 2602 1088 2665 encedere
1103 2602 1297 2686 respondens,

131 2706 328 2787 desideretur,
355 2708 448 2793 possit
473 2707 578 2790 aliquis
602 2707 748 2770 eiusmodi
773 2706 976 2790 participium,
1005 2705 1085 2768 solut
1110 2705 1204 2768 enisi
1231 2715 1299 2790 post

129 2829 235 2874 usum
252 2821 375 2894 propter
389 2812 537 2895 quandam
562 2812 726 2875 litterarum
743 2810 967 2874 similitudinem
983 2829 999 2872 a
1016 2809 1138 2872 librariis
1153 2809 1298 2873 omissum

129 2914 281 2996 suspicari.
311 2915 413 2998 Neque
433 2924 532 2978 tamen
547 2915 715 2978 incredibile
731 2924 785 2988 cst,
806 2915 835 2978 id
851 2913 888 2977 ab
903 2913 966 2998 ipso
982 2913 1083 2976 'l'acito
1101 2930 1152 2996 per
1166 2912 1297 2976 brerilo·

130 3019 280 3102 quantiam
305 3019 547 3102 praetermissum
573 3038 650 3091 osse,
676 3027 778 3104 utpote
800 3039 834 3082 ex
856 3017 1009 3100 superiore
1031 3015 1166 3080 membro
1186 3015 1298 3080 subau-

131 3121 282 3186 diendum.

160 3263 162 3266 ·
215 3227 285 3312 Cap.
301 3225 403 3301 Xblll,
420 3229 450 3289 1.
495 3225 663 3310 Speciem
684 3223 1299 3307 tamondolorisnninrorultuqne

129 3349 216 3416 prae
231 3351 269 3394 se
284 3330 377 3394 tulit
401 3329 560 3411 Caliginem
577 3319 791 3414 nonnunquam
807 3331 895 3392 retiam
911 3329 1151 3394 acutissimonnn
1166 3327 1299 3392 errorum

129 3434 221 3499 oculis
236 3433 326 3498 nimia
341 3433 477 3499 codicum
492 3435 653 3500 reverentia
669 3433 808 3510 anunm,
828 3446 861 3498 ut
880 3453 954 3518 quae
976 3435 1005 3499 in
1025 3445 1127 3519 oporto
1145 3443 1216 3497 snm
1238 3451 1299 3497 non

129 3539 255 3613 rideant,
281 3539 379 3603 sidero
401 3549 499 3602 antem
522 3559 554 3603 se
575 3539 705 3614 credam,
732 3559 806 3622 quae
828 3557 883 3602 noc
903 3549 974 3602 sunt
995 3557 1051 3603 nec
1071 3557 1138 3602 esso
1161 3545 1299 3620 possunt.

132 3643 210 3721 Quid
229 3643 308 3707 eninr
324 3645 454 3728 apertius
471 3663 537 3708 esse
553 3653 661 3728 potest,
681 3663 782 3728 qnam.
802 3643 828 3706 si
843 3643 918 3725 quis.
940 3661 1033 3725 quum
1053 3642 1153 3706 arriano
1168 3659 1229 3704 nou
1243 3641 1300 3706 do·

129 3747 198 3823 leat,
226 3747 309 3812 vultu
335 3755 434 3812 tamm
458 3748 586 3834 speciem
613 3748 723 3813 doloris
748 3766 818 3831 prae
843 3767 876 3810 se
897 3746 982 3820 ierat,
1008 3745 1097 3810 buius
1116 3745 1300 3810 contrarium

128 3851 229 3916 animo
244 3853 358 3915 vultum
373 3869 454 3915 esso:
471 3869 539 3914 nam
552 3851 655 3940 animo
671 3853 775 3924 laetas,
790 3851 873 3912 voltu
888 3849 981 3912 tristis
996 3857 1052 3922 est,
1067 3849 1166 3914 saltus
1180 3850 1301 3914 tristitia

127 3955 218 4018 animi
233 3953 376 4018 laetitiam
392 3954 466 4017 celat
479 3973 514 4018 ac
529 3954 703 4019 dissimulat.
749 3953 786 4016 Er
806 3959 907 4016 tamen
927 3951 979 4034 qui
998 3951 1041 4015 sic
1055 3953 1125 4015 licto
1141 3955 1224 4017 vultu
1239 3973 1301 4036 qao

86 4067 89 4074 '
126 4055 166 4120 sit
180 4057 280 4120 animo
296 4055 476 4130 dissimulat,
497 4059 576 4121 bunc
590 4075 650 4120 nou
665 4056 764 4122 solnm
779 4055 879 4128 rullo,
902 4055 954 4118 sed
969 4054 1058 4117 etiam
1073 4054 1175 4118 animo
1190 4055 1302 4120 doloris

197 4292 238 4355 12)
256 4291 369 4362 Utroque
379 4295 437 4348 loeo
448 4295 524 4350 atlon
537 4295 663 4350 lllttornn
674 4310 747 4348 naon
759 4309 817 4348 esso
828 4294 904 4348 eliso
917 4295 949 4347 ml
965 4291 1093 4360 uulgata·
1102 4293 1128 4349 b.
1138 4292 1158 4348 l.
1166 4293 1303 4350 teoto-en

128 4379 353 4447 lstcrprotsnrlana.
769 4397 773 4407 ·
