3182 4962
700 389 764 456 att

657 482 679 492 .—
691 481 806 492 ...n-...-

150 583 384 668 tissimsloqutx
405 593 467 660 est,
488 585 529 650 ila
551 585 711 670 plurimum
733 583 916 650 auctoritatis
936 581 1054 647 babere.
1098 581 1320 666 Quamquama

150 689 299 772 plerisque
319 691 377 754 iam
398 709 453 774 pro
479 690 675 754 democratiao
695 690 817 753 nomine
836 687 914 752 aliud
931 685 1121 750 vernaculum
1142 687 1318 750 vocabulum

150 793 269 876 probari
292 794 443 868 uiolamus.
474 793 566 874 magis
597 793 633 856 ad
665 793 816 856 lactandos
842 791 919 872 uulgi
945 790 1060 854 animos
1083 789 1318 854 accomodatum.

150 893 1321 981 Progressusonimsesecupidosessoprofitentur.quatnpretiossiontmquiscst

150 999 201 1080 qui
216 1017 277 1062 non
290 999 460 1072 honestam,
478 1017 538 1062 non
554 1000 677 1074 iustam,
699 1017 759 1062 non
780 1000 865 1064 unico
877 999 995 1078 dignam
1012 997 1122 1059 liberali
1135 997 1255 1058 hairtins
1270 997 1319 1058 iu·

151 1099 252 1163 dicet?
278 1100 339 1164 Nisi
355 1111 455 1165 tamon
471 1102 749 1184 quaerendumanto
764 1102 863 1165 omnia
878 1101 1028 1170 dicemus.
1048 1117 1177 1183 qttonam
1198 1099 1319 1162 tandem

151 1211 284 1282 atquem
300 1204 335 1267 ad
352 1205 440 1267 boam
457 1205 592 1286 progredi
608 1214 753 1287 oporteat.
777 1205 922 1268 Nimirum
938 1203 974 1266 ad
992 1202 1107 1264 melius.
1131 1201 1318 1277 Quidautem

151 1306 190 1368 sit
205 1305 275 1368 illud
293 1307 398 1370 molius
413 1317 442 1370 ot
457 1327 513 1390 qua
531 1307 574 1371 ria
589 1327 624 1371 ac
639 1309 752 1371 ratione
769 1329 804 1371 eo
819 1307 966 1391 perveniri
987 1306 1095 1390 possit,
1115 1321 1176 1366 non
1196 1322 1268 1366 sans
1288 1303 1320 1365 itt

151 1419 254 1492 aperto
274 1417 330 1472 ost.
375 1409 426 1472 lsti
451 1411 569 1492 quidem
594 1411 646 1493 qtti
666 1411 753 1474 lrodie
773 1431 805 1474 sa
828 1429 1002 1495 progressus
1021 1425 1181 1490 praecones
1201 1413 1319 1488 &runt

151 1511 295 1576 maiorem
313 1513 412 1597 populi
428 1513 619 1579 libertatemr
635 1515 780 1598 scarpati
803 1514 919 1579 dicunt:
940 1512 991 1576 sod
1011 1513 1048 1574 do
1068 1510 1211 1574 libertatis
1226 1509 1321 1592 ipsius

151 1616 226 1680 ciac
245 1627 350 1680 natura
370 1628 480 1700 quotus
500 1618 625 1700 quisquc
645 1627 707 1692 est,
728 1617 778 1700 qrri
799 1619 961 1701 pmdsnlcr
980 1613 1107 1680 tolient
1138 1613 1212 1676 ll'am
1233 1613 1320 1694 uulgo

152 1720 237 1803 longe
252 1721 395 1806 plurimos
408 1721 483 1786 banc
495 1721 550 1786 sibi
566 1722 731 1787 libertatem
747 1731 884 1805 expetere
901 1721 1013 1794 rideas,
1035 1727 1069 1782 ut
1091 1737 1180 1800 quam
1198 1715 1321 1780 minima

152 1825 263 1906 legibus
278 1835 309 1890 et
330 1825 550 1907 magistratibus
571 1845 688 1911 parere,
710 1845 832 1890 munera
854 1837 953 1890 autern
969 1843 1057 1906 quant
1076 1822 1252 1906 paucissima
1267 1823 1321 1884 aul

151 1931 269 2008 tributis
284 1931 446 2014 perdendis
461 1936 512 1994 aul
527 1931 629 1994 militia
644 1931 779 1994 obeunda
795 1941 943 2014 praestare
957 1929 1000 1992 rei
1015 1927 1147 2012 publicae
1162 1935 1323 2006 coganturt
1432 1961 1436 1966 ·

71 2113 73 2118 Ι
153 2034 200 2098 alii
215 2033 259 2096 sic
274 2031 396 2097 demum
412 2033 520 2096 liberos
534 2053 567 2096 se
582 2031 645 2096 iore
661 2041 780 2114 putant,
803 2033 827 2096 si
849 2049 998 2095 summam
1016 2050 1079 2093 rem
1100 2029 1247 2112 publicam
1270 2033 1323 2088 aut

153 2135 210 2218 ipsi
224 2145 276 2200 sut
288 2155 363 2220 quos
384 2135 440 2218 ipsi
460 2135 599 2217 elegerint
621 2135 650 2198 in
670 2143 816 2218 potestate
839 2133 982 2208 habeant,
1004 2134 1116 2216 legum.
1133 2131 1321 2204 iudiciorum,

152 2238 230 2308 belli.
246 2240 334 2322 pacis,
351 2239 519 2311 foedorum,
543 2237 684 2320 pecuniae
700 2237 832 2320 publicae
847 2237 960 2302 domini
976 2239 1060 2314 llant3
1076 2235 1145 2317 quid
1161 2235 1242 2317 quod
1252 2241 1323 2298 sunl

153 2346 258 2415 stiam.
279 2343 329 2426 qui
351 2351 487 2407 constare
506 2341 671 2404 libertatern
692 2361 780 2424 posse
802 2351 925 2424 nogant,
947 2342 1004 2406 nisi
1024 2340 1274 2410 inconsontibus,
1290 2338 1321 2400 in

154 2449 262 2532 quibus
278 2447 314 2510 do
330 2465 362 2508 ro
377 2443 491 2530 publica
506 2446 687 2520 consulitur,
708 2445 890 2510 aduersarios
910 2465 981 2509 suos
1003 2463 1063 2508 non
1075 2443 1257 2526 argumentis
1268 2439 1321 2504 sed

153 2549 291 2614 conviciis
312 2549 484 2630 impugnare
506 2549 648 2631 omnique
667 2567 774 2630 genero
793 2549 1039 2628 contumeliarum
1062 2549 1183 2630 impune
1198 2563 1320 2608 onerare
1382 2615 1384 2620 ,

155 2653 250 2720 liceat.
294 2651 373 2713 Talis
393 2659 438 2714 est
458 2651 582 2734 uulgaris
598 2652 646 2715 ille
673 2651 944 2728 liberalismus‚
975 2651 1026 2735 qui
1054 2652 1211 2734 plerosque
1232 2647 1321 2712 bodio

153 2859 251 2924 bando
272 2859 409 2922 hominos
429 2857 545 2924 factiosi
566 2859 688 2940 gratiam
710 2857 767 2924 sibi
782 2859 859 2942 apud
881 2860 1102 2924 multitudinem
1117 2869 1148 2924 ot
1162 2855 1323 2921 auctorita·

154 2973 215 3028 tom
242 2971 424 3046 comparant.
469 2962 607 3027 Cetomm
631 2981 667 3026 cx
692 2961 739 3026 bis
764 2962 850 3046 ipsis,
877 2963 928 3046 qui
954 2963 997 3028 sic
1022 2963 1138 3046 plebem
1164 2961 1322 3044 exagitant,

156 3067 290 3151 quamtis
300 3067 470 3132 multihaud
480 3065 567 3131 dubio
580 3067 657 3149 quod
670 3065 765 3130 serbis
782 3084 850 3150 prae
861 3087 894 3130 se
906 3067 1003 3132 lerunt
1015 3067 1104 3131 etiarn
1116 3065 1172 3150 ipsi
1184 3065 1323 3143 sentiant,
1441 3115 1445 3120 .
1500 3147 1503 3154 Ι
1542 3087 1548 3098 ·

158 3190 263 3235 omnes
291 3180 392 3235 tamen
415 3181 450 3236 ut
473 3191 505 3234 re
530 3189 598 3234 rora
628 3169 825 3234 democretius
851 3171 948 3235 lavoro
971 3171 1088 3235 medam
1111 3170 1158 3233 tis
1181 3170 1323 3233 adducor.

156 3275 253 3338 immo
269 3275 299 3337 in
315 3275 496 3359 principibus
511 3274 673 3338 lactionum
689 3283 778 3356 atquo
793 3274 980 3350 ductoribus,
994 3293 1122 3356 quorum
1138 3273 1229 3338 sotori
1241 3273 1326 3354 signa

155 3385 316 3460 sequatur,
341 3397 401 3442 non
428 3397 538 3464 paucos
565 3399 631 3443 ossa
655 3379 739 3442 video
760 3377 817 3442 bac
836 3379 939 3442 saltem
955 3377 1097 3442 mediocri
1108 3376 1261 3462 prudentia
1276 3373 1325 3438 io·

157 3486 295 3554 structos,
312 3489 346 3544 ut
359 3490 438 3544 stare
452 3499 513 3546 ooo
529 3501 618 3564 posse
632 3481 793 3564 intelligant
807 3481 1091 3564 salvamquosertari
1101 3501 1164 3544 rem
1177 3479 1324 3562 publicam

157 3601 232 3668 quac
248 3583 445 3648 multitudinis
460 3584 582 3649 arbitrio
596 3585 834 3662 administretur,
850 3595 879 3648 et
894 3585 973 3667 quod
988 3584 1151 3650 Alcibiades
1166 3587 1236 3647 obm
1252 3601 1325 3666 pro·

155 3689 253 3752 lessus
272 3696 320 3752 ost
340 3687 552 3752 democratiam
572 3708 636 3753 osso
658 3678 924 3774 ὁμολογουμένην
946 3679 1112 3766 lostost),
1136 3689 1163 3751 id
1185 3705 1224 3750 ne
1239 3685 1324 3750 illum

157 3791 276 3874 quidem
299 3791 451 3856 hominem
475 3791 620 3858 furiosum
641 3793 742 3876 lugere
762 3793 905 3868 arbitror,
929 3791 996 3876 qui,
1022 3812 1082 3876 quo
1106 3793 1249 3857 maiorem
1268 3788 1325 3854 sibi

156 3895 248 3982 plebis
264 3895 394 3961 latorem
410 3897 594 3974 conciliarat,
615 3909 831 3964 sacrosanctam
847 3897 1058 3962 democratiam
1081 3897 1248 3982 praedicare
1263 3911 1325 3959 oon

155 3999 285 4066 crubuit.
330 3998 425 4065 Unam
440 4001 588 4067 salubrem
603 4001 794 4087 reipublicae
816 4002 944 4068 lormam
961 4021 1026 4068 eant
1046 4023 1128 4078 esso,
1149 4021 1226 4087 quae
1245 3998 1325 4088 opti·

159 4123 279 4170 morum
296 4124 331 4170 ac
351 4105 641 4190 sapientissimorum
663 4108 786 4174 comilio
807 4115 839 4174 st
859 4107 1035 4173 auctoritate
1049 4117 1186 4192 regatur,
1207 4107 1265 4172 lroo
1277 4115 1327 4172 est

227 4329 253 4396 l)
272 4329 342 4398 Apud
355 4327 470 4400 necyn
482 4329 526 4398 vt,
539 4331 582 4385 89.
610 4329 648 4385 Ci.
659 4331 766 4403 llioays.
778 4329 834 4386 ttst.
845 4331 879 4388 Α.
891 4330 922 4388 tt
934 4348 959 4400 p.
973 4331 1052 4386 ttlts
1064 4329 1243 4406 δημοκρατία
1253 4325 1328 4403 dpa-

160 4409 285 4482 dtm'rn
296 4415 355 4470 aaa
366 4413 398 4470 dr
408 4411 576 4490 baptimate
587 4417 748 4475 nabarros.
809 4447 812 4452 ·
