3266 4958
763 471 913 576 js-

251 673 301 732 ter
319 673 381 744 est,
400 671 435 729 ut
455 663 569 730 nubam
588 664 646 730 nisi
667 663 698 730 iu
718 666 865 732 nobilibus
878 665 1019 731 virtutem
1034 683 1101 730 essc
1121 670 1256 741 censeat,
1280 665 1423 750 ignobiles

251 776 354 837 autem
369 787 473 833 omnes
488 777 612 853 propter
625 770 684 835 boe
697 770 797 855 ipsum
811 771 902 836 etiam
917 769 1108 845 inhonestos,
1134 769 1242 844 malos,
1264 770 1346 834 nulio
1367 773 1424 836 bo-

252 893 327 940 nore
353 873 457 958 dignos
482 881 584 958 putet,
610 873 675 938 illos
690 873 770 940 solos
793 865 962 959 ἀγαθούς,
985 866 1142 952 leiloio,
1164 873 1274 938 alteros
1295 869 1423 953 κακούς,

252 972 385 1057 δειλοίς
399 979 487 1054 dicat,
501 977 607 1062 bisque
622 978 760 1063 epithetis
775 987 912 1044 nontam
927 997 1047 1044 merum
1069 997 1160 1062 quam
1175 977 1291 1062 generis
1302 978 1425 1044 dirersi-

251 1091 347 1150 tatem
363 1083 506 1167 designet,
521 1101 611 1168 quam
627 1084 851 1166 pervenitatem
867 1085 918 1170 qui
933 1083 1097 1168 Theognidi
1108 1083 1338 1167 adscripserunt,
1354 1084 1425 1149 cali-

252 1190 320 1254 dius
343 1188 431 1252 nobis
446 1207 534 1272 mm
550 1187 666 1252 mutius
680 1187 773 1272 egisse
788 1197 819 1254 et
833 1207 952 1273 gravem
967 1189 1105 1253 iniuriam
1116 1189 1180 1253 viro
1194 1205 1256 1253 nen
1278 1195 1358 1252 certe
1379 1187 1427 1253 in·

253 1291 377 1376 sipienti
399 1291 505 1355 iecisse
524 1291 672 1355 ridentur.
717 1291 791 1356 Nam
813 1311 875 1357 non
895 1293 1042 1358 diversam
1067 1293 1098 1356 in
1119 1293 1245 1356 istorum
1267 1289 1427 1356 venabulo-

250 1409 321 1458 rum
337 1413 396 1457 usu
409 1394 555 1457 rationem
570 1393 719 1476 Theognis
735 1395 884 1470 observat,
899 1413 989 1476 qnam
1004 1413 1081 1478 quac
1096 1394 1133 1457 ab
1149 1394 1289 1457 omnibus
1304 1394 1372 1457 inde
1390 1395 1427 1459 ab

252 1495 387 1559 llomero
401 1495 595 1579 scriptoribus
609 1496 720 1577 graecis
735 1495 885 1560 obseruari
896 1497 981 1559 solita
992 1503 1047 1570 est,
1063 1505 1098 1560 ut
1109 1486 1273 1577 ἀγαθούς,
1283 1489 1429 1573 dudleia

252 1616 306 1660 eos
328 1595 438 1670 dicant,
454 1613 529 1676 ques
543 1597 653 1660 virtute
668 1598 797 1680 quadam
811 1615 901 1681 supra
915 1598 1019 1680 augus
1033 1595 1171 1680 ignavum
1187 1597 1348 1660 instructos
1362 1616 1428 1661 esse

253 1698 383 1760 uideant
429 1697 515 1774 Quod
535 1718 628 1781 spuunt
652 1701 817 1785 antiquitus
839 1701 913 1765 baec
932 1699 1027 1764 virtus
1046 1699 1223 1763 militaribus
1238 1700 1429 1780 potissimum

254 1801 371 1866 artibus
392 1819 606 1885 armorumque
625 1805 847 1868 tractandorum
872 1803 1026 1877 facultate,
1049 1800 1156 1865 deinde
1177 1801 1306 1865 civilium
1326 1821 1429 1867 rerum

254 1903 415 1988 prudentia
434 1912 464 1966 et
478 1905 590 1968 sollerti
604 1905 860 1971 administratione
880 1911 1067 1980 censeretur,
1089 1903 1179 1986 idque
1201 1921 1294 1986 genus
1313 1904 1431 1970 virtutis

255 2017 340 2071 certe
360 2007 455 2070 multo
476 2007 569 2090 mapia
583 2008 738 2091 multoque
753 2009 937 2091 frequentius
951 2007 1030 2090 apud
1043 2005 1159 2070 nobiles
1174 2013 1253 2069 esset
1266 2005 1432 2073 liberaliore

257 2109 389 2196 quadarn
404 2108 556 2192 disciplina
569 2109 723 2176 institutos
737 2130 834 2194 neque
849 2111 943 2176 victus
958 2109 1118 2194 quaerendi
1137 2110 1312 2174 necessitate
1328 2109 1431 2175 humi-

256 2216 335 2280 liora
349 2221 380 2276 et
392 2211 509 2276 servilia
530 2213 646 2296 negotia
660 2219 788 2278 tractare
803 2223 932 2291 coactns,
948 2231 1033 2294 eptae,
1049 2213 1230 2276 Graecorum
1246 2211 1367 2292 quidem
1383 2213 1430 2278 iu·

257 2317 353 2391 dicio,
377 2315 495 2378 animos
515 2315 687 2391 bominum,
709 2323 788 2379 totos
808 2315 840 2379 in
854 2317 901 2380 sui
916 2323 1056 2397 quaestus
1071 2331 1141 2378 cura
1157 2321 1332 2396 occupatos,
1348 2314 1432 2380 facilc

257 2419 349 2484 etiam
370 2415 525 2481 illiberales
545 2425 575 2480 et
594 2416 628 2480 ad
645 2417 805 2480 curandam
819 2435 884 2480 rem
899 2415 1048 2500 publicam
1062 2433 1169 2499 parum
1185 2415 1309 2480 idoneos
1323 2415 1431 2480 redde·

256 2529 337 2594 rent,
353 2519 423 2602 quid
437 2519 559 2594 mirum,
574 2519 654 2602 quod
668 2520 805 2584 universe
820 2520 975 2602 lomrentes
990 2520 1096 2584 iisdem
1110 2519 1167 2583 illis
1178 2517 1339 2594 vocabulis,
1355 2538 1432 2602 quae

256 2623 379 2707 proprie
393 2623 514 2706 quidem
529 2621 643 2686 virtutis
658 2623 870 2706 praestantiam
882 2631 934 2688 aut
949 2623 1100 2687 deiectum
1116 2621 1294 2696 indicarent,
1315 2621 1431 2702 aliquo·

256 2729 316 2792 ties
337 2725 426 2790 etiam
445 2725 482 2788 ad
502 2725 640 2789 ordinum
659 2725 822 2789 discrimen
848 2725 1063 2808 designandum
1089 2723 1136 2788 usi
1163 2721 1256 2786 sunt?
1283 2741 1345 2786 non
1371 2743 1432 2808 quo

257 2829 358 2894 nullos
379 2828 457 2892 siros
477 2827 572 2892 bones
591 2827 763 2911 probosque
782 2834 900 2912 praeter
914 2827 1042 2902 nobiles,
1062 2827 1195 2910 plebeios
1210 2835 1310 2890 autem
1326 2845 1432 2891 omnes

256 2931 350 2995 etiam
365 2931 517 3013 improbos
532 2931 685 3012 mulosque
700 2931 843 3004 dicerent,
857 2931 910 2995 scd
926 2932 1006 3014 quod
1021 2931 1052 2994 in
1062 2930 1234 2993 uniuersum
1246 2930 1431 2994 aestimanti·

257 3035 318 3098 bus
332 3033 417 3115 longe
432 3031 498 3115 plus
512 3033 576 3096 eius
591 3033 719 3108 virtutis,
736 3051 795 3116 qua
809 3034 864 3097 virt
879 3033 951 3096 boni
965 3041 996 3095 et
1009 3032 1260 3097 administrandae
1274 3031 1317 3095 rei
1332 3032 1432 3113 publi·

258 3155 312 3200 cae
326 3134 424 3199 idonei
438 3142 645 3210 tenementum,
665 3135 744 3217 apud
765 3135 878 3199 nobiles
899 3153 989 3217 quam
1010 3135 1088 3218 apud
1104 3132 1249 3216 plebeiam
1264 3131 1431 3196 multitudi-

258 3257 331 3302 nem
345 3257 412 3302 esse
426 3235 588 3300 videbatur.
633 3237 709 3300 Nam
730 3255 747 3300 a
768 3237 893 3321 potiori,
915 3247 949 3300 ut
967 3237 1064 3314 aiunt,
1085 3239 1119 3300 ut
1134 3233 1301 3320 appellatio.
1346 3233 1431 3317 Apud

257 3339 461 3422 Theognitlena
486 3345 588 3403 autem
615 3358 720 3404 eorum
741 3341 888 3414 locorum,
913 3340 964 3406 ubi
983 3339 1124 3406 voeabula
1149 3341 1205 3403 ista
1228 3337 1304 3402 civili
1330 3337 1431 3419 potius

258 3461 351 3526 quam
365 3441 469 3506 morali
483 3442 648 3524 significatu
662 3443 832 3528 accipienda
846 3465 912 3508 esse
926 3451 1041 3508 centum
1057 3443 1105 3518 sit,
1121 3441 1233 3506 nonita
1245 3455 1371 3522 magnus
1386 3444 1433 3502 est

258 3563 418 3622 numerum
440 3545 539 3628 plnres
553 3551 635 3620 sunt,
657 3545 817 3628 dequibus
832 3546 940 3630 ambigi
953 3547 1061 3630 possit3
1076 3563 1138 3610 non
1153 3543 1364 3628 pandentem,
1380 3541 1432 3625 qui

258 3667 367 3714 unum
381 3653 486 3732 poetae
501 3647 643 3714 iudicium
657 3650 795 3734 prodant,
809 3666 873 3713 non
887 3647 1096 3713 contendentis
1110 3665 1231 3712 morum
1252 3645 1431 3730 probitatem

257 3771 329 3818 ctum
343 3751 459 3836 pencris
472 3751 640 3828 nobilitate,
659 3771 716 3818 nec
733 3751 888 3818 diiiitentis
908 3771 996 3836 posse
1016 3751 1107 3816 ctiam
1129 3749 1244 3814 nobiles
1266 3747 1430 3834 immobos,

257 3855 402 3940 ignobiles
423 3863 525 3920 autem
545 3855 657 3940 probos
675 3857 840 3922 ethonore
863 3855 969 3939 dignos
989 3873 1068 3930 ease,
1091 3852 1256 3937 musinium
1271 3861 1373 3917 summ
1387 3851 1431 3916 rai

259 3957 393 4043 publicae
413 3965 524 4022 sunem
543 3977 614 4024 cum
637 3979 712 4035 esse,
727 3961 760 4024 in
774 3979 835 4044 quo
849 3957 1019 4044 pecuniosis
1033 3955 1221 4031 bominibus,
1245 3954 1431 4039 (argentariis

258 4069 346 4146 puta,
367 4061 598 4145 negotiatoribus
622 4061 745 4145 aliisque
764 4061 793 4126 id
815 4063 938 4145 penus),
958 4059 1026 4144 plus
1040 4075 1132 4141 mam
1146 4057 1248 4122 virtuti
1261 4057 1385 4122 honoris
1400 4065 1432 4122 ct

259 4161 443 4229 cumea-itatis
456 4164 612 4231 tribuatur.
655 4165 718 4232 liae
731 4173 833 4230 mente
846 4163 980 4239 Plutum,
995 4159 1163 4227 divitiam
1178 4159 1278 4236 deum,
1303 4159 1431 4244 alioqui·

260 4273 312 4331 tnr
324 4283 396 4330 cum
409 4267 514 4334 acerba
527 4268 737 4353 indignatione,
752 4287 781 4332 a.
799 4267 892 4332 1117.
910 4265 966 4331 ts:

362 4363 504 4448 Πλοῦτε,
524 4369 615 4436 aeds
634 4363 794 4437 acidiam
813 4367 870 4438 acl
891 4361 1105 4454 tpaoolosoaa
1125 4359 1272 4444 adactam

450 4487 509 4536 ces
533 4467 588 4540 eol
607 4469 666 4542 sod
685 4467 789 4552 suade
809 4463 857 4540 dv
876 4465 1024 4558 etpost
1044 4463 1171 4546 dodilo
1191 4461 1286 4556 desios
