3186 4958
766 403 909 502 -.su

262 591 383 656 veniret.
429 586 520 654 Nobis
545 607 648 654 vemm
674 589 781 655 vidisse
806 592 952 666 videntur,
977 594 1117 676 quinon
1143 597 1355 662 tmnssiiiendis
1379 599 1432 664 sed

262 690 489 778 transponendis
508 693 604 757 serbis
621 711 774 760 removere
794 697 987 761 offensionem
1008 697 1179 774 valuerunt,
1208 701 1357 782 totiusque
1376 703 1432 768 luci

262 805 434 866 contextum
461 797 541 862 hunc
561 797 652 862 inisse
672 799 835 866 credimus:
862 801 887 865 N
896 819 936 866 us
960 809 1141 866 terrarum
1167 821 1207 867 ac
1232 803 1432 872 libertatis

263 914 449 970 extremos
469 921 638 968 recessus
661 903 738 988 ipse
760 925 800 970 ac
819 905 923 970 sinus
943 906 1063 971 ismae
1082 907 1121 970 in
1141 907 1238 972 hunc
1258 908 1353 974 diem
1368 910 1432 976 dc·

263 1008 400 1075 tendit:
429 1025 583 1092 namque
610 1014 713 1072 omno
736 1009 908 1092 ignotum
935 1029 999 1094 pre
1025 1011 1226 1094 magnifice
1251 1023 1317 1078 est.
1363 1015 1433 1080 Sed

264 1131 361 1180 nunc
385 1113 565 1178 terminus
591 1112 806 1178 Britanniae
835 1125 945 1199 patet.
990 1115 1097 1180 Nulla
1123 1116 1191 1180 iam
1218 1117 1318 1183 ultra
1344 1137 1433 1202 gens

264 1229 329 1284 etc
374 1219 535 1284 decessum
549 1239 584 1282 ac
597 1217 698 1282 sinum
714 1217 809 1282 iamne
825 1219 904 1296 dicit,
927 1229 961 1285 ut
980 1220 1090 1284 somam
1107 1221 1333 1286 Caledoniorum
1349 1223 1434 1306 quasi

263 1333 410 1388 mmotam
425 1333 456 1388 et
470 1323 507 1386 als
522 1322 703 1386 accuratiore
717 1323 823 1387 notitia
837 1323 1002 1388 seiunctam
1017 1324 1171 1406 significet,
1187 1331 1220 1389 ut
1235 1327 1306 1390 nihii
1317 1339 1435 1411 practer

265 1428 424 1492 obscurum
441 1427 589 1510 quendam
604 1445 758 1490 minorem
773 1427 810 1490 ad
828 1426 978 1490 dumanas
999 1429 1189 1509 permanserit.
1234 1430 1320 1494 diune
1335 1449 1434 1495 reces-

264 1549 332 1596 sum
349 1530 436 1613 igitur
449 1549 484 1593 ac
497 1529 597 1592 sinum
612 1529 719 1602 ianuae,
739 1548 832 1611 quum
851 1529 913 1592 iere
934 1530 1026 1612 ignoti
1042 1531 1185 1594 ltumanis
1200 1543 1310 1608 essent,
1330 1533 1434 1596 deien-

265 1633 344 1696 disse
358 1653 410 1696 cos
424 1633 608 1714 tutioresque
622 1651 639 1694 a
654 1632 858 1695 Romanorum
879 1633 1048 1697 incursione
1068 1635 1258 1716 praestitisse,
1278 1645 1435 1720 propterea

266 1736 346 1820 qnod
361 1754 449 1800 omne
465 1735 600 1818 mustum
616 1753 670 1818 pro
686 1735 840 1818 magnifico
855 1755 922 1798 esse
942 1736 1051 1811 soleat,
1071 1737 1198 1820 ideoque
1218 1737 1254 1800 de
1269 1739 1342 1823 ipsis
1357 1757 1436 1822 qun·
1492 1781 1495 1786 ‹

48 1908 63 1934 ο
164 1847 166 1852 ’
268 1860 326 1924 que
346 1839 499 1922 magnifica
517 1839 594 1923 apud
610 1839 762 1902 Romanos
781 1839 960 1903 existimatio
978 1840 1077 1903 inerit.
1121 1840 1331 1916 Nuncautem,
1351 1850 1436 1927 pate·
1516 1859 1517 1862 ¹

268 1945 345 2008 iacto
361 1941 528 2006 Britanniae
548 1941 686 2017 termino,
706 1951 851 2004 mutatam
872 1961 938 2005 esse
957 1959 1058 2005 rerum
1079 1961 1201 2007 suarum
1223 1945 1435 2008 conditionem.

269 2046 428 2130 Namque
448 2065 503 2130 pru
523 2055 638 2128 atque
653 2063 670 2108 a
685 2045 770 2108 nobis
785 2045 949 2128 repositum
966 2045 992 2108 si
1008 2046 1074 2128 quis
1089 2047 1296 2129 reprehendat,
1312 2065 1373 2110 nen
1387 2065 1436 2111 rc·

270 2151 475 2236 pugnabimus,
491 2149 654 2232 quominus
669 2149 694 2212 is
709 2149 869 2231 invulgata
884 2148 1010 2212 lectione
1024 2169 1147 2214 secums
1162 2151 1337 2233 acquiescat.

355 2254 390 2317 ln
406 2253 508 2318 eadem
532 2253 649 2336 Gaigaci
669 2253 813 2328 eratione,
833 2271 897 2336 eap.
920 2251 1023 2328 XXXI,
1046 2254 1075 2330 5,
1091 2252 1142 2316 ubi
1157 2253 1229 2319 irase
1243 2264 1289 2318 est
1303 2255 1438 2320 codicum

271 2359 431 2445 scriptura:
463 2376 532 2422 nos
560 2357 701 2440 integri
731 2365 767 2420 et
793 2355 966 2420 indomiti
995 2366 1032 2421 et
1057 2357 1096 2420 in
1124 2358 1341 2422 libertatem
1363 2377 1438 2424 non
1515 2413 1516 2416 ,

271 2463 308 2528 in
330 2461 600 2549 poenitentiam
620 2461 748 2540 laturi,
770 2459 1007 2525 emendationem
1023 2461 1101 2526 iraud
1113 2473 1193 2526 certe
1205 2462 1440 2546 improbabilem,

271 2567 342 2633 clim
357 2585 375 2631 a
390 2566 475 2632 nobis
486 2565 692 2651 excogitatam,
709 2563 1065 2650 occupauiti'eerldtampii
1079 2567 1232 2650 sagacitas,
1244 2568 1338 2631 deleta
1354 2587 1441 2651 prae·

271 2671 418 2758 positione
430 2681 498 2736 aute
509 2671 676 2736 libertatem
689 2691 743 2758 prro
754 2673 789 2738 iu
805 2669 1075 2758 poenitentiam
1090 2671 1280 2736 scribendum
1292 2692 1357 2736 essu
1369 2690 1441 2738 cen-

272 2777 377 2845 sentis:
393 2777 438 2844 im
447 2795 540 2864 psunu
561 2785 747 2844 tentatam.
779 2781 837 2844 Sed
852 2780 925 2845 mihi
941 2779 1029 2845 etiam
1045 2777 1230 2864 participium
1245 2777 1358 2844 laturi
1373 2793 1441 2844 cor·

274 2893 396 2972 ruptum
412 2885 579 2950 exultari
598 2883 761 2950 uidebatur.
796 2886 865 2951 Non
884 2885 974 2951 nirnis
995 2885 1137 2950 audacem
1159 2903 1225 2948 esso
1245 2883 1442 2948 mutationem

273 2989 453 3068 nubuntur,
469 2989 520 3074 spui
534 2989 734 3076 reputaverint
749 3009 803 3074 pru
818 2989 971 3076 impune
986 2990 1075 3054 etiam
1096 2989 1143 3052 im
1154 3006 1270 3074 poene
1289 2987 1391 3066 scribi,
1412 2996 1444 3052 et

274 3101 471 3170 tentatam,
497 3113 552 3178 per
572 3095 782 3178 compendium
808 3095 964 3178 scriptum,
989 3093 1127 3158 facillime
1144 3092 1175 3154 in
1190 3092 1347 3156 tentiam
1362 3093 1442 3156 abire

275 3197 416 3283 potuisse.
436 3197 512 3263 Nam
528 3199 564 3263 de
579 3199 743 3263 coniunctis
758 3200 876 3282 syllabis
891 3217 967 3282 quae
980 3197 1110 3282 separari
1124 3195 1276 3269 deberent,
1292 3211 1352 3258 nun
1367 3213 1443 3278 opus

276 3311 322 3366 est
336 3301 408 3366 dici:
434 3319 532 3385 neque
546 3303 806 3386 praepositionem,
832 3311 973 3386 corrupta
998 3303 1030 3366 iu
1054 3301 1135 3366 hunc
1161 3298 1285 3364 medum
1307 3299 1443 3373 lectione,

276 3411 344 3469 ante
371 3405 583 3471 libertatern
612 3406 649 3470 ab
673 3406 772 3490 aliquo
798 3415 966 3472 correctore
989 3405 1120 3470 additam
1147 3420 1326 3488 magnopere
1352 3403 1444 3466 mira-

276 3509 385 3576 bimur.

361 3615 431 3700 cip.
446 3611 576 3691 XXXIV,
592 3613 622 3680 3.
667 3613 895 3680 Nouissimas
915 3633 973 3680 res
994 3621 1031 3679 et
1048 3621 1215 3679 extremo
1236 3618 1338 3676 metu
1358 3628 1444 3676 cor·

278 3737 369 3804 pura
385 3719 547 3784 derisere
566 3719 678 3784 aciem
697 3719 735 3784 in
754 3719 811 3784 his
831 3719 1010 3804 vestigiis.
1039 3719 1119 3783 Haec
1132 3718 1185 3794 sic,
1200 3717 1280 3782 utin
1293 3715 1445 3782 codicibus

278 3823 424 3908 legemur,
448 3823 578 3890 diriteius
602 3823 737 3889 exhibuit
758 3841 889 3910 sanaque
909 3845 974 3890 esse
994 3831 1087 3912 putat
1120 3822 1196 3888 Nam
1222 3820 1446 3887 novissimas

279 3945 338 3992 res
359 3927 416 3994 dici
434 3947 490 4015 pre
511 3929 649 4014 pessimis
669 3949 703 3995 ae
722 3930 895 4014 desperatis,
916 3929 991 3994 ultra
1007 3947 1081 4014 quas
1096 3925 1169 3992 nihil
1184 3925 1300 4010 gravius
1314 3925 1447 3990 accidere

280 4031 383 4116 possit,
407 4041 439 4099 et
462 4042 629 4098 extremo
655 4041 756 4100 metu
781 4051 936 4120 corpora
962 4051 1016 4118 pro
1031 4031 1349 4098 hominibusextremo
1364 4039 1448 4095 metu

282 4135 424 4222 correptis
449 4137 608 4222 animoque
634 4149 756 4224 prepter
775 4157 916 4226 parerem
935 4139 977 4204 ita
996 4137 1159 4214 destitutis,
1186 4145 1220 4203 nt
1238 4133 1448 4202 tantummodo

283 4258 406 4326 carpere
424 4261 492 4308 esse
511 4243 675 4308 rideantur.
705 4243 850 4328 Equidem
873 4243 911 4309 dn
929 4243 1100 4310 nouissimis
1114 4243 1204 4310 rebus
1219 4259 1282 4306 non
1296 4237 1447 4314 dissentia,

284 4343 464 4430 prseisitqus
478 4345 555 4414 hanc
568 4347 843 4433 interpretationem
862 4346 922 4414 iana
936 4347 1059 4414 wesin
1074 4347 1162 4414 Pmil.
1176 4365 1206 4432 p.
1225 4343 1304 4424 1973
1324 4342 1376 4409 sed
1396 4359 1449 4406 ex·
