3182 4962
727 390 880 494 „2⁰2-

222 591 287 649 tum
303 581 476 656 inveniatur,
492 581 572 646 velut
585 582 643 646 biii.
660 581 719 660 iii,
738 583 765 658 1,
785 582 845 646 182
861 583 891 648 in
906 583 962 647 cod
978 583 1009 648 Z.
1040 582 1113 647 iliud
1129 582 1219 666 quin
1231 583 1385 651 affirmati·

223 705 291 750 rum
312 693 412 750 autem
432 686 542 750 satisne
562 695 643 750 certo
663 694 828 750 constater
844 686 905 770 qui
920 687 1130 769 interrogativo
1146 707 1214 752 cum
1231 690 1386 770 negatione

222 809 265 854 ne
285 791 442 874 prodiisse,
468 789 719 870 quemadmodum
744 789 832 870 tulga
860 787 1013 854 creditur?
1047 791 1210 874 Equidem,
1238 791 1306 856 licet
1325 809 1386 857 nou

222 913 326 976 negem
343 893 405 956 tieri
421 893 561 976 potuisse,
577 901 611 956 ut
625 893 815 974 interrogatio
831 893 920 957 etiarn
937 893 966 956 in
981 893 1210 960 affirmationem
1226 893 1329 972 abiret,
1343 929 1387 942 -

223 1007 257 1063 ut
275 997 403 1081 quidni
422 996 576 1082 aliquoties
598 997 628 1060 in
649 999 770 1080 bgumta
792 997 1019 1080 interrogatione
1034 1009 1195 1083 usurpatur
1209 999 1246 1064 ab
1261 1020 1314 1076 eo,
1335 999 1387 1084 qui

223 1085 287 1166 rem
302 1103 438 1178 atttrmat,
453 1135 496 1148 -
507 1111 587 1164 certo
601 1109 700 1164 tamon
716 1119 777 1164 non
793 1102 891 1165 minus
907 1101 1095 1184 probabiliter
1110 1103 1170 1186 qui
1185 1103 1255 1166 iliud
1268 1122 1321 1186 pro
1333 1103 1388 1167 de-

224 1205 419 1269 monstrativo
438 1204 541 1268 baberi
560 1223 649 1286 posse
668 1204 809 1278 arbitror,
828 1215 950 1287 propter
965 1205 1059 1286 ipsam
1074 1205 1151 1269 bano
1165 1205 1387 1269 demonstrandi

223 1308 283 1370 vim
309 1307 399 1370 etiam
428 1305 635 1370 asseverationi
660 1305 863 1388 aptissimam,
889 1307 1007 1369 iinaiem
1028 1315 1128 1370 autem
1149 1307 1277 1371 litteram
1298 1327 1319 1370 o
1339 1315 1392 1372 aut

223 1409 387 1474 fulciendae
406 1414 522 1472 tantum
546 1407 651 1472 vocato
671 1427 759 1471 eausa
778 1409 923 1482 additam,
945 1410 1028 1472 utin
1049 1412 1188 1491 emant)
1209 1417 1238 1473 et
1259 1419 1293 1474 ut
1313 1429 1342 1473 m
1358 1410 1389 1472 in

225 1511 371 1594 quidem
386 1511 523 1594 aliisque,
544 1519 602 1584 aut,
617 1528 678 1593 quo
692 1510 832 1594 equidem
852 1511 945 1594 magis
961 1511 1085 1588 inclino,
1106 1534 1141 1576 er
1157 1531 1199 1577 no
1215 1513 1389 1578 aibrmatito

225 1614 425 1690 decurtatam,
445 1613 698 1698 quemadmodum
719 1615 808 1678 etiam
825 1615 993 1696 negativum
1009 1615 1079 1679 iliud
1095 1614 1241 1680 decurtari
1255 1615 1391 1680 ridemus

225 1719 329 1784 inain
344 1737 398 1802 pro
413 1719 510 1794 sine,
531 1717 588 1782 vin
605 1737 658 1801 pro
674 1717 798 1794 viane,
819 1718 930 1784 audin
945 1719 1171 1803 proaudiane
1187 1719 1390 1784 absimilibus.

225 1823 300 1887 Nam
321 1823 453 1886 vocalem
473 1825 501 1896 i,
524 1821 648 1904 quaein
671 1821 815 1906 quidem
836 1821 1010 1908 eorripitur,
1033 1823 1062 1886 in
1079 1823 1281 1907 muuospilaba
1296 1824 1391 1888 torma

225 1925 348 2012 produci
363 1944 453 1991 nemo
469 1925 673 2004 ortnttrortt.
717 1980 721 1988 .

312 2029 485 2096 Rectissime
504 2039 604 2094 autern
625 2031 857 2095 ab'iecbeisenio
872 2031 1109 2096 animadversum
1125 2038 1181 2106 est,
1205 2030 1276 2094 iilud
1292 2029 1391 2113 ipsum

227 2135 291 2218 qui
305 2135 513 2198 atbrmatbum
529 2135 646 2216 agnosci
662 2133 769 2198 debere
784 2135 872 2198 etiam
888 2135 919 2197 in
933 2135 1097 2217 composita
1112 2135 1319 2198 coniunctione
1334 2141 1394 2198 at·

228 2239 306 2321 qui,
335 2240 418 2303 auius
443 2237 486 2302 ris
511 2237 690 2302 adversativa
716 2227 814 2302 addita
839 2239 895 2303 bae
919 2238 1062 2322 particula
1088 2238 1280 2303 asseveratio
1301 2237 1393 2322 magia

230 2341 453 2429 quodammodo
469 2341 645 2406 intenditur:
667 2361 736 2406 nam
750 2343 852 2427 atqui
866 2342 945 2408 idem
961 2343 1023 2407 iere
1038 2341 1176 2428 estquod
1192 2350 1229 2406 at
1242 2359 1342 2421 sane,
1358 2349 1394 2407 at

228 2447 398 2534 proiecto
410 2449 477 2525 ¹⁰):
492 2447 659 2530 diciturque
675 2465 888 2530 nonnunquam
905 2447 995 2512 etiam
1012 2447 1181 2511 disiunctim
1197 2455 1233 2510 at
1248 2445 1325 2528 qui,
1345 2445 1393 2510 in·
1423 2529 1425 2534 λ

227 2553 347 2618 terieeta
358 2551 448 2616 altera
459 2551 561 2616 rocula
572 2551 745 2618 affirmativa
757 2553 817 2636 poi
827 2599 835 2629 ,
847 2553 926 2618 vetut
936 2552 1015 2636 apud
1024 2551 1119 2616 Plaut.
1130 2551 1211 2615 dsin.
1221 2551 1280 2626 tt,
1291 2549 1323 2628 2,
1339 2551 1393 2614 ld:

315 2683 346 2740 at
359 2675 409 2758 pel
425 2675 476 2757 qui
490 2674 563 2738 disti
577 2674 697 2750 rectius,

194 2790 201 2802 “
230 2795 338 2882 quibus
358 2794 455 2860 terbia
475 2795 514 2870 is,
537 2795 588 2880 qui
609 2797 755 2878 loquitur,
775 2795 895 2860 alteriue
914 2795 1090 2860 sententiam
1107 2795 1143 2858 ab
1157 2815 1205 2870 ea,
1227 2813 1317 2878 quarn
1333 2793 1395 2876 ipae

230 2909 317 2966 antea
328 2899 482 2974 babuerat,
496 2899 652 2974 diversam,
664 2901 716 2965 sed
727 2901 884 2965 rectiorem
892 2921 957 2964 ease
969 2901 1134 2984 profitetur.
1156 2899 1234 2963 iiud.
1245 2897 1303 2974 lv,
1318 2897 1348 2973 3,
1360 2896 1397 2961 b:

317 3045 378 3091 nan
394 3025 493 3090 abdia.
504 3043 531 3090 :r
546 3033 577 3092 at
591 3027 642 3111 pol
657 3029 708 3111 qui
722 3027 834 3092 addies.
847 3045 874 3091 r:
890 3027 961 3112 quin
977 3028 1046 3114 pdat
1060 3027 1200 3110 eloquere
1214 3025 1285 3108 quid
1300 3025 1353 3088 ris.

232 3147 382 3233 bmpbitr.
398 3149 445 3224 ib,
460 3147 491 3222 2,
506 3147 565 3211 82:

318 3271 384 3334 tto'a
400 3274 434 3332 tu
447 3267 515 3344 aeia,
531 3265 661 3334 bacchari
676 3267 830 3334 mactanti
844 3269 869 3335 ai
885 3270 956 3334 velis
971 3267 1161 3344 adversirier,

319 3373 355 3437 dx
369 3372 471 3436 inaana
486 3371 665 3437 insinierem
680 3371 780 3448 iacies,
793 3374 879 3438 feriat
891 3373 1025 3459 saeptus:

322 3475 348 3541 si
363 3476 537 3559 obsequere,
552 3475 610 3540 uni
625 3478 755 3542 rerotroa
770 3479 861 3563 ptiga.
878 3495 902 3542 t:
918 3487 949 3543 at
963 3477 1011 3564 poi
1026 3476 1078 3562 qui
1092 3476 1172 3543 uitta
1185 3495 1234 3542 rea
1340 3561 1341 3566 ἵ

321 3579 399 3645 bine
412 3587 458 3644 eat
473 3583 637 3667 obiurgare.

322 3827 349 3894 8)
366 3825 403 3880 tte
413 3827 462 3880 bae
474 3821 525 3876 vid.
535 3819 563 3873 G.
575 3819 605 3873 t..
616 3821 764 3874 Schneider.
776 3835 880 3888 gramm.
893 3819 911 3874 Ι.
930 3837 955 3888 p.
967 3821 1027 3874 att.

322 3913 348 3978 91
366 3913 435 3967 ΙΙιει
451 3911 519 3966 ratio
537 3909 560 3962 ai
578 3908 710 3978 probatur,
721 3907 926 3974 distinguenda·
938 3907 989 3960 erit
1000 3906 1071 3975 quia
1083 3903 1263 3960 affirmativum
1274 3903 1306 3957 ab
1318 3903 1402 3956 attero

237 3999 393 4070 bonoptroaa
409 4015 442 4054 ex
459 3997 570 4052 relativa
587 4002 632 4048 rut
643 3995 719 4048 etiam
732 3993 918 4059 totenoprttva
930 3993 1077 4062 pronomine
1088 4007 1144 4045 ean
1157 3993 1290 4059 negatione
1302 4005 1404 4056 eampo·

238 4085 304 4150 attor
317 4087 361 4140 red
373 4093 454 4140 ιοιιιι
465 4088 531 4138 hane
542 4083 714 4152 qaaestionem
726 4081 872 4134 aoeuratiaa
883 4087 1042 4150 portmauro
1054 4079 1114 4134 nitri
1126 4077 1282 4150 quintanae
1290 4084 1404 4143 tenpore

240 4188 290 4225 ιιι
301 4169 369 4225 lieet.

311 4257 351 4322 ttt)
369 4245 440 4326 Quod
452 4255 565 4310 tta-tta·
584 4254 718 4323 opinatur,
733 4250 845 4307 Turseli·
862 4249 882 4306 1.
897 4267 922 4320 p.
939 4250 998 4320 ttt,
1014 4251 1063 4322 qui
1079 4251 1104 4304 ia
1122 4251 1209 4320 utqui
1221 4263 1404 4316 uta-qua,

240 4343 267 4397 b.
276 4357 299 4397 ι.
308 4343 445 4398 ιιΙιιίιιιι
455 4341 609 4414 pronominis
617 4337 942 4406 montembarrum
954 4337 1078 4408 quadrua
1091 4337 1189 4404 noda,
1201 4335 1406 4403 miroreuiquu

242 4428 346 4498 probari
357 4431 478 4498 petriana.
