<?xml version="1.0" encoding="UTF-8"?>
<!DOCTYPE html PUBLIC "-//W3C//DTD XHTML 1.0 Transitional//EN"
    "http://www.w3.org/TR/xhtml1/DTD/xhtml1-transitional.dtd">
<html xmlns="http://www.w3.org/1999/xhtml" xml:lang="en" lang="en">
 <head>
  <title>
</title>
<meta http-equiv="Content-Type" content="text/html;charset=utf-8" />
  <meta name='ocr-system' content='tesseract 3.04.00' />
  <meta name='ocr-capabilities' content='ocr_page ocr_carea ocr_par ocr_line ocrx_word'/>
</head>
<body>
  <div class='ocr_page' id='page_1' title='image "./opusculaacademi00schgoog_0337.png"; bbox 0 0 3182 4962; ppageno 0'>
   <div class='ocr_carea' id='block_1_1' title="bbox 646 461 797 562">
    <p class='ocr_par' dir='ltr' id='par_1_1' title="bbox 646 461 797 562">
     <span class='ocr_line' id='line_1_1' title="bbox 646 461 797 562; baseline 0 -36"><span class='ocrx_word' id='word_1_1' title='bbox 646 461 797 562; x_wconf 56' lang='lat'>..22¹-</span> 
     </span>
    </p>
   </div>
   <div class='ocr_carea' id='block_1_2' title="bbox 78 645 1307 1164">
    <p class='ocr_par' dir='ltr' id='par_1_2' title="bbox 78 645 1307 1164">
     <span class='ocr_line' id='line_1_2' title="bbox 136 645 1303 738; baseline -0.002 -26"><span class='ocrx_word' id='word_1_2' title='bbox 136 647 205 713; x_wconf 87' lang='lat' dir='ltr'>bem</span> <span class='ocrx_word' id='word_1_3' title='bbox 219 649 365 732; x_wconf 76' lang='lat' dir='ltr'>exagitare</span> <span class='ocrx_word' id='word_1_4' title='bbox 379 660 410 716; x_wconf 86' lang='lat' dir='ltr'>et</span> <span class='ocrx_word' id='word_1_5' title='bbox 423 651 559 738; x_wconf 73' lang='lat' dir='ltr'>pessimis</span> <span class='ocrx_word' id='word_1_6' title='bbox 574 651 687 718; x_wconf 85' lang='lat' dir='ltr'>artibus</span> <span class='ocrx_word' id='word_1_7' title='bbox 702 668 892 736; x_wconf 80' lang='lat' dir='ltr'>corrumpam</span> <span class='ocrx_word' id='word_1_8' title='bbox 911 649 1024 724; x_wconf 88' lang='lat' dir='ltr'>solent,</span> <span class='ocrx_word' id='word_1_9' title='bbox 1045 647 1117 712; x_wconf 87' lang='lat' dir='ltr'>nihil</span> <span class='ocrx_word' id='word_1_10' title='bbox 1137 645 1230 729; x_wconf 53' lang='lat' dir='ltr'>mam</span> <span class='ocrx_word' id='word_1_11' title='bbox 1244 663 1303 710; x_wconf 87' lang='lat' dir='ltr'>ne-</span> 
     </span>
     <span class='ocr_line' id='line_1_3' title="bbox 135 751 1303 840; baseline -0.003 -23"><span class='ocrx_word' id='word_1_12' title='bbox 135 754 296 818; x_wconf 87' lang='lat' dir='ltr'>cessarium</span> <span class='ocrx_word' id='word_1_13' title='bbox 317 774 383 818; x_wconf 87' lang='lat' dir='ltr'>esse</span> <span class='ocrx_word' id='word_1_14' title='bbox 402 765 537 839; x_wconf 87' lang='lat' dir='ltr'>apparet,</span> <span class='ocrx_word' id='word_1_15' title='bbox 560 777 650 840; x_wconf 91' lang='lat' dir='ltr'>quam</span> <span class='ocrx_word' id='word_1_16' title='bbox 672 777 738 821; x_wconf 86' lang='lat' dir='ltr'>esse</span> <span class='ocrx_word' id='word_1_17' title='bbox 761 756 792 820; x_wconf 92' lang='lat' dir='ltr'>in</span> <span class='ocrx_word' id='word_1_18' title='bbox 811 774 843 818; x_wconf 88' lang='lat' dir='ltr'>re</span> <span class='ocrx_word' id='word_1_19' title='bbox 862 754 979 837; x_wconf 83' lang='lat' dir='ltr'>publica</span> <span class='ocrx_word' id='word_1_20' title='bbox 993 753 1136 818; x_wconf 85' lang='lat' dir='ltr'>maiorem</span> <span class='ocrx_word' id='word_1_21' title='bbox 1152 751 1303 836; x_wconf 87' lang='lat' dir='ltr'>quandam</span> 
     </span>
     <span class='ocr_line' id='line_1_4' title="bbox 135 856 1304 946; baseline -0.001 -27"><span class='ocrx_word' id='word_1_22' title='bbox 135 867 312 938; x_wconf 87' lang='lat' dir='ltr'>potestatem</span> <span class='ocrx_word' id='word_1_23' title='bbox 334 858 374 922; x_wconf 89' lang='lat' dir='ltr'>ita</span> <span class='ocrx_word' id='word_1_24' title='bbox 394 871 609 942; x_wconf 90' lang='lat' dir='ltr'>comparatam,</span> <span class='ocrx_word' id='word_1_25' title='bbox 632 869 666 926; x_wconf 90' lang='lat' dir='ltr'>ut</span> <span class='ocrx_word' id='word_1_26' title='bbox 690 859 750 946; x_wconf 87' lang='lat' dir='ltr'>ipsa</span> <span class='ocrx_word' id='word_1_27' title='bbox 774 859 872 922; x_wconf 90' lang='lat' dir='ltr'>omnis</span> <span class='ocrx_word' id='word_1_28' title='bbox 892 876 997 939; x_wconf 83' lang='lat' dir='ltr'>expers</span> <span class='ocrx_word' id='word_1_29' title='bbox 1018 856 1189 920; x_wconf 77' lang='lat' dir='ltr'>certaminis</span> <span class='ocrx_word' id='word_1_30' title='bbox 1204 873 1304 936; x_wconf 90' lang='lat' dir='ltr'>neque</span> 
     </span>
     <span class='ocr_line' id='line_1_5' title="bbox 78 957 1306 1046; baseline -0.007 -16"><span class='ocrx_word' id='word_1_31' title='bbox 78 1015 83 1030; x_wconf 90' lang='lat'><em>.</em></span> <span class='ocrx_word' id='word_1_32' title='bbox 136 961 329 1042; x_wconf 89' lang='lat' dir='ltr'>optimatibus</span> <span class='ocrx_word' id='word_1_33' title='bbox 349 980 405 1026; x_wconf 86' lang='lat' dir='ltr'>uec</span> <span class='ocrx_word' id='word_1_34' title='bbox 425 963 607 1027; x_wconf 78' lang='lat' dir='ltr'>multitudini</span> <span class='ocrx_word' id='word_1_35' title='bbox 628 965 695 1046; x_wconf 89' lang='lat' dir='ltr'>plus</span> <span class='ocrx_word' id='word_1_36' title='bbox 715 981 810 1045; x_wconf 88' lang='lat' dir='ltr'>aequo</span> <span class='ocrx_word' id='word_1_37' title='bbox 830 962 931 1025; x_wconf 79' lang='lat' dir='ltr'>laneus</span> <span class='ocrx_word' id='word_1_38' title='bbox 951 973 1002 1025; x_wconf 91' lang='lat' dir='ltr'>aut</span> <span class='ocrx_word' id='word_1_39' title='bbox 1016 960 1143 1023; x_wconf 84' lang='lat' dir='ltr'>obnoxia</span> <span class='ocrx_word' id='word_1_40' title='bbox 1158 960 1230 1022; x_wconf 76' lang='lat' dir='ltr'>nillil</span> <span class='ocrx_word' id='word_1_41' title='bbox 1244 957 1306 1021; x_wconf 86' lang='lat' dir='ltr'>nisi</span> 
     </span>
     <span class='ocr_line' id='line_1_6' title="bbox 136 1062 1307 1164; baseline -0.002 -39"><span class='ocrx_word' id='word_1_42' title='bbox 136 1062 249 1127; x_wconf 89' lang='lat' dir='ltr'>bonum</span> <span class='ocrx_word' id='word_1_43' title='bbox 266 1065 417 1148; x_wconf 89' lang='lat' dir='ltr'>publicum</span> <span class='ocrx_word' id='word_1_44' title='bbox 432 1075 574 1164; x_wconf 68' lang='lat' dir='ltr'>sequatur</span> <span class='ocrx_word' id='word_1_45' title='bbox 587 1067 676 1149; x_wconf 89' lang='lat' dir='ltr'>idque</span> <span class='ocrx_word' id='word_1_46' title='bbox 695 1083 732 1138; x_wconf 86' lang='lat' dir='ltr'>ne</span> <span class='ocrx_word' id='word_1_47' title='bbox 753 1075 804 1130; x_wconf 89' lang='lat' dir='ltr'>aut</span> <span class='ocrx_word' id='word_1_48' title='bbox 824 1063 1011 1147; x_wconf 88' lang='lat' dir='ltr'>popularium</span> <span class='ocrx_word' id='word_1_49' title='bbox 1028 1063 1145 1125; x_wconf 82' lang='lat' dir='ltr'>libidine</span> <span class='ocrx_word' id='word_1_50' title='bbox 1159 1081 1194 1124; x_wconf 90' lang='lat' dir='ltr'>ac</span> <span class='ocrx_word' id='word_1_51' title='bbox 1208 1072 1307 1124; x_wconf 56' lang='lat' dir='ltr'>nme</span> 
     </span>
    </p>
   </div>
   <div class='ocr_carea' id='block_1_3' title="bbox 35 1164 1306 1250">
    <p class='ocr_par' dir='ltr' id='par_1_3' title="bbox 35 1164 1306 1250">
     <span class='ocr_line' id='line_1_7' title="bbox 35 1164 1306 1250; baseline -0.003 -22"><span class='ocrx_word' id='word_1_52' title='bbox 35 1185 36 1189; x_wconf 48' lang='lat'>¹</span> <span class='ocrx_word' id='word_1_53' title='bbox 136 1165 222 1229; x_wconf 78' lang='lat' dir='ltr'>ritate</span> <span class='ocrx_word' id='word_1_54' title='bbox 237 1179 288 1230; x_wconf 84' lang='lat' dir='ltr'>aut</span> <span class='ocrx_word' id='word_1_55' title='bbox 302 1169 427 1232; x_wconf 84' lang='lat' dir='ltr'>lortasse</span> <span class='ocrx_word' id='word_1_56' title='bbox 442 1169 629 1250; x_wconf 87' lang='lat' dir='ltr'>optimatium</span> <span class='ocrx_word' id='word_1_57' title='bbox 649 1169 740 1231; x_wconf 89' lang='lat' dir='ltr'>nimia</span> <span class='ocrx_word' id='word_1_58' title='bbox 763 1167 890 1248; x_wconf 85' lang='lat' dir='ltr'>quadam</span> <span class='ocrx_word' id='word_1_59' title='bbox 911 1167 1046 1229; x_wconf 89' lang='lat' dir='ltr'>cautione</span> <span class='ocrx_word' id='word_1_60' title='bbox 1065 1173 1097 1227; x_wconf 86' lang='lat' dir='ltr'>et</span> <span class='ocrx_word' id='word_1_61' title='bbox 1117 1164 1306 1228; x_wconf 85' lang='lat' dir='ltr'>cunctatione</span> 
     </span>
    </p>
   </div>
   <div class='ocr_carea' id='block_1_4' title="bbox 135 1269 1309 2173">
    <p class='ocr_par' dir='ltr' id='par_1_4' title="bbox 135 1269 1309 2173">
     <span class='ocr_line' id='line_1_8' title="bbox 135 1269 1305 1352; baseline -0.002 -23"><span class='ocrx_word' id='word_1_62' title='bbox 135 1269 270 1332; x_wconf 86' lang='lat' dir='ltr'>laedatur</span> <span class='ocrx_word' id='word_1_63' title='bbox 284 1271 447 1352; x_wconf 82' lang='lat' dir='ltr'>provideat.</span> <span class='ocrx_word' id='word_1_64' title='bbox 470 1271 507 1334; x_wconf 80' lang='lat' dir='ltr'>Et</span> <span class='ocrx_word' id='word_1_65' title='bbox 518 1281 564 1334; x_wconf 87' lang='lat' dir='ltr'>est</span> <span class='ocrx_word' id='word_1_66' title='bbox 580 1272 712 1352; x_wconf 89' lang='lat' dir='ltr'>prolecto</span> <span class='ocrx_word' id='word_1_67' title='bbox 728 1288 828 1334; x_wconf 87' lang='lat' dir='ltr'>rerum</span> <span class='ocrx_word' id='word_1_68' title='bbox 845 1269 1027 1352; x_wconf 86' lang='lat' dir='ltr'>publicarum</span> <span class='ocrx_word' id='word_1_69' title='bbox 1044 1277 1214 1331; x_wconf 86' lang='lat' dir='ltr'>nostrarum</span> <span class='ocrx_word' id='word_1_70' title='bbox 1229 1282 1305 1328; x_wconf 84' lang='lat' dir='ltr'>cou-</span> 
     </span>
     <span class='ocr_line' id='line_1_9' title="bbox 138 1367 1307 1456; baseline -0.002 -24"><span class='ocrx_word' id='word_1_71' title='bbox 138 1369 211 1433; x_wconf 93' lang='lat' dir='ltr'>ditio</span> <span class='ocrx_word' id='word_1_72' title='bbox 227 1371 383 1447; x_wconf 90' lang='lat' dir='ltr'>eiusmodi,</span> <span class='ocrx_word' id='word_1_73' title='bbox 399 1384 432 1437; x_wconf 90' lang='lat' dir='ltr'>ut</span> <span class='ocrx_word' id='word_1_74' title='bbox 447 1374 516 1455; x_wconf 90' lang='lat' dir='ltr'>quid</span> <span class='ocrx_word' id='word_1_75' title='bbox 533 1393 651 1456; x_wconf 88' lang='lat' dir='ltr'>quoque</span> <span class='ocrx_word' id='word_1_76' title='bbox 665 1383 800 1455; x_wconf 91' lang='lat' dir='ltr'>tempore</span> <span class='ocrx_word' id='word_1_77' title='bbox 815 1379 867 1436; x_wconf 93' lang='lat' dir='ltr'>aut</span> <span class='ocrx_word' id='word_1_78' title='bbox 881 1371 974 1454; x_wconf 84' lang='lat' dir='ltr'>possit</span> <span class='ocrx_word' id='word_1_79' title='bbox 988 1371 1050 1433; x_wconf 79' lang='lat' dir='ltr'>seori</span> <span class='ocrx_word' id='word_1_80' title='bbox 1064 1378 1116 1432; x_wconf 90' lang='lat' dir='ltr'>aut</span> <span class='ocrx_word' id='word_1_81' title='bbox 1131 1387 1250 1432; x_wconf 77' lang='lat' dir='ltr'>neceam</span> <span class='ocrx_word' id='word_1_82' title='bbox 1263 1367 1307 1432; x_wconf 84' lang='lat' dir='ltr'>cit</span> 
     </span>
     <span class='ocr_line' id='line_1_10' title="bbox 138 1469 1305 1554; baseline -0.003 -18"><span class='ocrx_word' id='word_1_83' title='bbox 138 1473 175 1536; x_wconf 92' lang='lat' dir='ltr'>ad</span> <span class='ocrx_word' id='word_1_84' title='bbox 190 1483 300 1538; x_wconf 89' lang='lat' dir='ltr'>statum</span> <span class='ocrx_word' id='word_1_85' title='bbox 315 1495 418 1540; x_wconf 82' lang='lat' dir='ltr'>aarum</span> <span class='ocrx_word' id='word_1_86' title='bbox 433 1489 484 1541; x_wconf 91' lang='lat' dir='ltr'>aut</span> <span class='ocrx_word' id='word_1_87' title='bbox 499 1478 643 1541; x_wconf 83' lang='lat' dir='ltr'>tuendum</span> <span class='ocrx_word' id='word_1_88' title='bbox 665 1486 717 1540; x_wconf 91' lang='lat' dir='ltr'>aut</span> <span class='ocrx_word' id='word_1_89' title='bbox 736 1476 972 1540; x_wconf 79' lang='lat' dir='ltr'>conservandum</span> <span class='ocrx_word' id='word_1_90' title='bbox 993 1481 1044 1538; x_wconf 91' lang='lat' dir='ltr'>aut</span> <span class='ocrx_word' id='word_1_91' title='bbox 1068 1469 1305 1554; x_wconf 78' lang='lat' dir='ltr'>promoventium</span> 
     </span>
     <span class='ocr_line' id='line_1_11' title="bbox 138 1573 1306 1662; baseline -0.005 -22"><span class='ocrx_word' id='word_1_92' title='bbox 138 1577 216 1640; x_wconf 86' lang='lat' dir='ltr'>haud</span> <span class='ocrx_word' id='word_1_93' title='bbox 233 1579 316 1642; x_wconf 87' lang='lat' dir='ltr'>laeile</span> <span class='ocrx_word' id='word_1_94' title='bbox 331 1591 411 1643; x_wconf 87' lang='lat' dir='ltr'>recte</span> <span class='ocrx_word' id='word_1_95' title='bbox 426 1581 516 1643; x_wconf 87' lang='lat' dir='ltr'>statui</span> <span class='ocrx_word' id='word_1_96' title='bbox 530 1580 568 1643; x_wconf 90' lang='lat' dir='ltr'>ab</span> <span class='ocrx_word' id='word_1_97' title='bbox 582 1581 618 1643; x_wconf 88' lang='lat' dir='ltr'>iis</span> <span class='ocrx_word' id='word_1_98' title='bbox 633 1579 741 1662; x_wconf 82' lang='lat' dir='ltr'>possit,</span> <span class='ocrx_word' id='word_1_99' title='bbox 763 1579 813 1660; x_wconf 91' lang='lat' dir='ltr'>qui</span> <span class='ocrx_word' id='word_1_100' title='bbox 834 1578 930 1641; x_wconf 77' lang='lat' dir='ltr'>olriter</span> <span class='ocrx_word' id='word_1_101' title='bbox 949 1587 1064 1640; x_wconf 87' lang='lat' dir='ltr'>tanturn</span> <span class='ocrx_word' id='word_1_102' title='bbox 1087 1587 1117 1639; x_wconf 92' lang='lat' dir='ltr'>et</span> <span class='ocrx_word' id='word_1_103' title='bbox 1137 1592 1191 1656; x_wconf 83' lang='lat' dir='ltr'>per</span> <span class='ocrx_word' id='word_1_104' title='bbox 1212 1573 1306 1636; x_wconf 85' lang='lat' dir='ltr'>iuter·</span> 
     </span>
     <span class='ocr_line' id='line_1_12' title="bbox 139 1675 1307 1765; baseline -0.004 -24"><span class='ocrx_word' id='word_1_105' title='bbox 139 1679 211 1742; x_wconf 83' lang='lat' dir='ltr'>ralla</span> <span class='ocrx_word' id='word_1_106' title='bbox 225 1681 263 1743; x_wconf 85' lang='lat' dir='ltr'>ed</span> <span class='ocrx_word' id='word_1_107' title='bbox 277 1701 344 1745; x_wconf 86' lang='lat' dir='ltr'>eam</span> <span class='ocrx_word' id='word_1_108' title='bbox 359 1683 508 1757; x_wconf 91' lang='lat' dir='ltr'>accedant,</span> <span class='ocrx_word' id='word_1_109' title='bbox 524 1685 625 1765; x_wconf 89' lang='lat' dir='ltr'>quales</span> <span class='ocrx_word' id='word_1_110' title='bbox 639 1691 711 1745; x_wconf 89' lang='lat' dir='ltr'>sunt</span> <span class='ocrx_word' id='word_1_111' title='bbox 725 1681 795 1752; x_wconf 86' lang='lat' dir='ltr'>lore,</span> <span class='ocrx_word' id='word_1_112' title='bbox 810 1681 862 1762; x_wconf 90' lang='lat' dir='ltr'>qui</span> <span class='ocrx_word' id='word_1_113' title='bbox 876 1679 913 1742; x_wconf 87' lang='lat' dir='ltr'>ad</span> <span class='ocrx_word' id='word_1_114' title='bbox 928 1679 1048 1742; x_wconf 77' lang='lat' dir='ltr'>consilia</span> <span class='ocrx_word' id='word_1_115' title='bbox 1058 1677 1146 1741; x_wconf 86' lang='lat' dir='ltr'>certis</span> <span class='ocrx_word' id='word_1_116' title='bbox 1158 1675 1307 1758; x_wconf 83' lang='lat' dir='ltr'>tempori·</span> 
     </span>
     <span class='ocr_line' id='line_1_13' title="bbox 139 1781 1305 1868; baseline -0.004 -23"><span class='ocrx_word' id='word_1_117' title='bbox 139 1782 194 1845; x_wconf 89' lang='lat' dir='ltr'>bus</span> <span class='ocrx_word' id='word_1_118' title='bbox 210 1795 419 1860; x_wconf 81' lang='lat' dir='ltr'>convocantur,</span> <span class='ocrx_word' id='word_1_119' title='bbox 434 1787 621 1868; x_wconf 81' lang='lat' dir='ltr'>maximeque</span> <span class='ocrx_word' id='word_1_120' title='bbox 636 1787 793 1868; x_wconf 88' lang='lat' dir='ltr'>populares</span> <span class='ocrx_word' id='word_1_121' title='bbox 808 1784 859 1854; x_wconf 91' lang='lat' dir='ltr'>illi,</span> <span class='ocrx_word' id='word_1_122' title='bbox 874 1782 925 1864; x_wconf 91' lang='lat' dir='ltr'>qui</span> <span class='ocrx_word' id='word_1_123' title='bbox 940 1781 1151 1862; x_wconf 82' lang='lat' dir='ltr'>aliquantisper</span> <span class='ocrx_word' id='word_1_124' title='bbox 1165 1784 1305 1861; x_wconf 75' lang='lat' dir='ltr'>quaestus</span> 
     </span>
     <span class='ocr_line' id='line_1_14' title="bbox 140 1881 1306 1971; baseline -0.003 -24"><span class='ocrx_word' id='word_1_125' title='bbox 140 1885 187 1948; x_wconf 88' lang='lat' dir='ltr'>sui</span> <span class='ocrx_word' id='word_1_126' title='bbox 202 1885 305 1968; x_wconf 85' lang='lat' dir='ltr'>reique</span> <span class='ocrx_word' id='word_1_127' title='bbox 320 1886 470 1952; x_wconf 80' lang='lat' dir='ltr'>familiaris</span> <span class='ocrx_word' id='word_1_128' title='bbox 486 1906 556 1951; x_wconf 86' lang='lat' dir='ltr'>eura</span> <span class='ocrx_word' id='word_1_129' title='bbox 575 1888 704 1971; x_wconf 86' lang='lat' dir='ltr'>seposita</span> <span class='ocrx_word' id='word_1_130' title='bbox 726 1904 845 1970; x_wconf 83' lang='lat' dir='ltr'>operam</span> <span class='ocrx_word' id='word_1_131' title='bbox 869 1883 1081 1946; x_wconf 82' lang='lat' dir='ltr'>mercenariam</span> <span class='ocrx_word' id='word_1_132' title='bbox 1104 1881 1228 1966; x_wconf 87' lang='lat' dir='ltr'>publicis</span> <span class='ocrx_word' id='word_1_133' title='bbox 1249 1896 1306 1944; x_wconf 84' lang='lat' dir='ltr'>ne·</span> 
     </span>
     <span class='ocr_line' id='line_1_15' title="bbox 139 1983 1306 2070; baseline -0.002 -22"><span class='ocrx_word' id='word_1_134' title='bbox 139 1986 226 2066; x_wconf 81' lang='lat' dir='ltr'>petiis</span> <span class='ocrx_word' id='word_1_135' title='bbox 242 1987 427 2069; x_wconf 90' lang='lat' dir='ltr'>impendunt,</span> <span class='ocrx_word' id='word_1_136' title='bbox 442 1989 494 2052; x_wconf 84' lang='lat' dir='ltr'>sed</span> <span class='ocrx_word' id='word_1_137' title='bbox 509 1989 547 2052; x_wconf 87' lang='lat' dir='ltr'>ab</span> <span class='ocrx_word' id='word_1_138' title='bbox 561 2008 597 2052; x_wconf 92' lang='lat' dir='ltr'>eo</span> <span class='ocrx_word' id='word_1_139' title='bbox 612 1998 739 2060; x_wconf 86' lang='lat' dir='ltr'>tanturn,</span> <span class='ocrx_word' id='word_1_140' title='bbox 760 1987 811 2070; x_wconf 90' lang='lat' dir='ltr'>qui</span> <span class='ocrx_word' id='word_1_141' title='bbox 826 1985 899 2049; x_wconf 77' lang='lat' dir='ltr'>nillil</span> <span class='ocrx_word' id='word_1_142' title='bbox 913 1985 993 2048; x_wconf 89' lang='lat' dir='ltr'>aliud</span> <span class='ocrx_word' id='word_1_143' title='bbox 1008 1991 1082 2067; x_wconf 82' lang='lat' dir='ltr'>agat,</span> <span class='ocrx_word' id='word_1_144' title='bbox 1103 1985 1215 2046; x_wconf 87' lang='lat' dir='ltr'>nullam</span> <span class='ocrx_word' id='word_1_145' title='bbox 1231 1983 1306 2046; x_wconf 85' lang='lat' dir='ltr'>ritae</span> 
     </span>
     <span class='ocr_line' id='line_1_16' title="bbox 139 2086 1309 2173; baseline -0.002 -23"><span class='ocrx_word' id='word_1_146' title='bbox 139 2106 211 2151; x_wconf 90' lang='lat' dir='ltr'>suae</span> <span class='ocrx_word' id='word_1_147' title='bbox 225 2099 339 2170; x_wconf 85' lang='lat' dir='ltr'>partem</span> <span class='ocrx_word' id='word_1_148' title='bbox 355 2109 371 2152; x_wconf 95' lang='lat' dir='ltr'>a</span> <span class='ocrx_word' id='word_1_149' title='bbox 387 2109 419 2154; x_wconf 87' lang='lat' dir='ltr'>re</span> <span class='ocrx_word' id='word_1_150' title='bbox 434 2089 550 2173; x_wconf 87' lang='lat' dir='ltr'>publica</span> <span class='ocrx_word' id='word_1_151' title='bbox 564 2089 727 2154; x_wconf 84' lang='lat' dir='ltr'>seiunctam</span> <span class='ocrx_word' id='word_1_152' title='bbox 742 2088 862 2160; x_wconf 68' lang='lat' dir='ltr'>labem,</span> <span class='ocrx_word' id='word_1_153' title='bbox 886 2105 947 2150; x_wconf 90' lang='lat' dir='ltr'>non</span> <span class='ocrx_word' id='word_1_154' title='bbox 966 2087 1023 2150; x_wconf 80' lang='lat' dir='ltr'>sill</span> <span class='ocrx_word' id='word_1_155' title='bbox 1041 2087 1093 2149; x_wconf 86' lang='lat' dir='ltr'>sed</span> <span class='ocrx_word' id='word_1_156' title='bbox 1114 2087 1157 2149; x_wconf 88' lang='lat' dir='ltr'>rei</span> <span class='ocrx_word' id='word_1_157' title='bbox 1175 2086 1309 2168; x_wconf 71' lang='lat' dir='ltr'>prdllicae</span> 
     </span>
    </p>
   </div>
   <div class='ocr_carea' id='block_1_5' title="bbox 13 2177 1377 2273">
    <p class='ocr_par' dir='ltr' id='par_1_5' title="bbox 13 2177 1377 2273">
     <span class='ocr_line' id='line_1_17' title="bbox 13 2177 1377 2273; baseline -0.002 -19"><span class='ocrx_word' id='word_1_158' title='bbox 13 2199 16 2204; x_wconf 81' lang='grc'>’</span> <span class='ocrx_word' id='word_1_159' title='bbox 93 2197 173 2254; x_wconf 84' lang='lat' dir='ltr'>&#39;se</span> <span class='ocrx_word' id='word_1_160' title='bbox 193 2201 294 2254; x_wconf 88' lang='lat' dir='ltr'>natum</span> <span class='ocrx_word' id='word_1_161' title='bbox 314 2211 379 2256; x_wconf 88' lang='lat' dir='ltr'>esse</span> <span class='ocrx_word' id='word_1_162' title='bbox 402 2194 525 2268; x_wconf 86' lang='lat' dir='ltr'>sentiat,</span> <span class='ocrx_word' id='word_1_163' title='bbox 548 2193 721 2273; x_wconf 88' lang='lat' dir='ltr'>omniaque,</span> <span class='ocrx_word' id='word_1_164' title='bbox 744 2208 937 2273; x_wconf 85' lang='lat' dir='ltr'>quaecuuque</span> <span class='ocrx_word' id='word_1_165' title='bbox 958 2189 996 2251; x_wconf 87' lang='lat' dir='ltr'>ad</span> <span class='ocrx_word' id='word_1_166' title='bbox 1019 2189 1106 2252; x_wconf 89' lang='lat' dir='ltr'>huius</span> <span class='ocrx_word' id='word_1_167' title='bbox 1126 2188 1253 2251; x_wconf 89' lang='lat' dir='ltr'>salntem</span> <span class='ocrx_word' id='word_1_168' title='bbox 1275 2207 1311 2251; x_wconf 90' lang='lat' dir='ltr'>ac</span> <span class='ocrx_word' id='word_1_169' title='bbox 1372 2177 1377 2184; x_wconf 69' lang='grc'><strong>’</strong></span> 
     </span>
    </p>
   </div>
   <div class='ocr_carea' id='block_1_6' title="bbox 141 2290 1312 2887">
    <p class='ocr_par' dir='ltr' id='par_1_6' title="bbox 141 2290 1312 2887">
     <span class='ocr_line' id='line_1_18' title="bbox 142 2290 1311 2378; baseline -0.001 -24"><span class='ocrx_word' id='word_1_170' title='bbox 142 2293 314 2372; x_wconf 81' lang='lat' dir='ltr'>dignitatem</span> <span class='ocrx_word' id='word_1_171' title='bbox 331 2293 506 2378; x_wconf 90' lang='lat' dir='ltr'>pertineant,</span> <span class='ocrx_word' id='word_1_172' title='bbox 522 2293 582 2357; x_wconf 84' lang='lat' dir='ltr'>sive</span> <span class='ocrx_word' id='word_1_173' title='bbox 598 2295 628 2357; x_wconf 91' lang='lat' dir='ltr'>in</span> <span class='ocrx_word' id='word_1_174' title='bbox 642 2294 766 2356; x_wconf 82' lang='lat' dir='ltr'>civitatis</span> <span class='ocrx_word' id='word_1_175' title='bbox 781 2293 873 2374; x_wconf 84' lang='lat' dir='ltr'>ipsius</span> <span class='ocrx_word' id='word_1_176' title='bbox 888 2293 1101 2357; x_wconf 90' lang='lat' dir='ltr'>constitutione</span> <span class='ocrx_word' id='word_1_177' title='bbox 1111 2291 1172 2353; x_wconf 82' lang='lat' dir='ltr'>sire</span> <span class='ocrx_word' id='word_1_178' title='bbox 1182 2291 1213 2353; x_wconf 89' lang='lat' dir='ltr'>in</span> <span class='ocrx_word' id='word_1_179' title='bbox 1224 2290 1311 2353; x_wconf 80' lang='lat' dir='ltr'>soriis</span> 
     </span>
     <span class='ocr_line' id='line_1_19' title="bbox 141 2393 1310 2481; baseline -0.003 -24"><span class='ocrx_word' id='word_1_180' title='bbox 141 2413 209 2457; x_wconf 91' lang='lat' dir='ltr'>cum</span> <span class='ocrx_word' id='word_1_181' title='bbox 225 2396 332 2458; x_wconf 84' lang='lat' dir='ltr'>exteris</span> <span class='ocrx_word' id='word_1_182' title='bbox 348 2395 571 2458; x_wconf 77' lang='lat' dir='ltr'>civitatibussed</span> <span class='ocrx_word' id='word_1_183' title='bbox 586 2394 665 2481; x_wconf 85' lang='lat' dir='ltr'>pacis</span> <span class='ocrx_word' id='word_1_184' title='bbox 681 2395 724 2456; x_wconf 84' lang='lat' dir='ltr'>rel</span> <span class='ocrx_word' id='word_1_185' title='bbox 745 2395 812 2458; x_wconf 87' lang='lat' dir='ltr'>belli</span> <span class='ocrx_word' id='word_1_186' title='bbox 833 2395 1012 2468; x_wconf 83' lang='lat' dir='ltr'>rationibus,</span> <span class='ocrx_word' id='word_1_187' title='bbox 1032 2393 1258 2474; x_wconf 78' lang='lat' dir='ltr'>circumspicere</span> <span class='ocrx_word' id='word_1_188' title='bbox 1279 2398 1310 2454; x_wconf 88' lang='lat' dir='ltr'>et</span> 
     </span>
     <span class='ocr_line' id='line_1_20' title="bbox 142 2493 1310 2579; baseline -0.003 -20"><span class='ocrx_word' id='word_1_189' title='bbox 142 2496 309 2578; x_wconf 72' lang='lat' dir='ltr'>pertulere,</span> <span class='ocrx_word' id='word_1_190' title='bbox 330 2497 514 2561; x_wconf 86' lang='lat' dir='ltr'>imminentia</span> <span class='ocrx_word' id='word_1_191' title='bbox 530 2499 606 2560; x_wconf 90' lang='lat' dir='ltr'>mala</span> <span class='ocrx_word' id='word_1_192' title='bbox 621 2503 651 2560; x_wconf 92' lang='lat' dir='ltr'>el</span> <span class='ocrx_word' id='word_1_193' title='bbox 665 2497 794 2579; x_wconf 88' lang='lat' dir='ltr'>pericula</span> <span class='ocrx_word' id='word_1_194' title='bbox 810 2497 899 2560; x_wconf 86' lang='lat' dir='ltr'>ctiam</span> <span class='ocrx_word' id='word_1_195' title='bbox 916 2517 932 2560; x_wconf 92' lang='lat' dir='ltr'>e</span> <span class='ocrx_word' id='word_1_196' title='bbox 947 2497 1108 2579; x_wconf 79' lang='lat' dir='ltr'>longinquo</span> <span class='ocrx_word' id='word_1_197' title='bbox 1123 2493 1310 2557; x_wconf 78' lang='lat' dir='ltr'>animaduer-</span> 
     </span>
     <span class='ocr_line' id='line_1_21' title="bbox 143 2596 1310 2684; baseline -0.002 -24"><span class='ocrx_word' id='word_1_198' title='bbox 143 2607 205 2660; x_wconf 81' lang='lat' dir='ltr'>tere</span> <span class='ocrx_word' id='word_1_199' title='bbox 219 2607 251 2662; x_wconf 86' lang='lat' dir='ltr'>et</span> <span class='ocrx_word' id='word_1_200' title='bbox 265 2617 324 2679; x_wconf 91' lang='lat' dir='ltr'>quo</span> <span class='ocrx_word' id='word_1_201' title='bbox 340 2599 429 2663; x_wconf 91' lang='lat' dir='ltr'>modo</span> <span class='ocrx_word' id='word_1_202' title='bbox 446 2600 480 2662; x_wconf 90' lang='lat' dir='ltr'>iis</span> <span class='ocrx_word' id='word_1_203' title='bbox 501 2600 617 2663; x_wconf 84' lang='lat' dir='ltr'>occurri</span> <span class='ocrx_word' id='word_1_204' title='bbox 636 2608 687 2661; x_wconf 90' lang='lat' dir='ltr'>aut</span> <span class='ocrx_word' id='word_1_205' title='bbox 708 2599 805 2662; x_wconf 85' lang='lat' dir='ltr'>resisti</span> <span class='ocrx_word' id='word_1_206' title='bbox 826 2601 920 2684; x_wconf 89' lang='lat' dir='ltr'>possit</span> <span class='ocrx_word' id='word_1_207' title='bbox 939 2599 1093 2680; x_wconf 80' lang='lat' dir='ltr'>providere</span> <span class='ocrx_word' id='word_1_208' title='bbox 1114 2596 1310 2673; x_wconf 78' lang='lat' dir='ltr'>consueverit,</span> 
     </span>
     <span class='ocr_line' id='line_1_22' title="bbox 143 2699 1312 2786; baseline -0.002 -24"><span class='ocrx_word' id='word_1_209' title='bbox 143 2699 245 2762; x_wconf 87' lang='lat' dir='ltr'>Talem</span> <span class='ocrx_word' id='word_1_210' title='bbox 257 2709 356 2763; x_wconf 85' lang='lat' dir='ltr'>autem</span> <span class='ocrx_word' id='word_1_211' title='bbox 369 2700 412 2764; x_wconf 92' lang='lat' dir='ltr'>rei</span> <span class='ocrx_word' id='word_1_212' title='bbox 423 2701 556 2782; x_wconf 87' lang='lat' dir='ltr'>publicae</span> <span class='ocrx_word' id='word_1_213' title='bbox 567 2701 806 2786; x_wconf 78' lang='lat' dir='ltr'>procurationem</span> <span class='ocrx_word' id='word_1_214' title='bbox 819 2719 968 2783; x_wconf 85' lang='lat' dir='ltr'>nusquam</span> <span class='ocrx_word' id='word_1_215' title='bbox 979 2702 1087 2765; x_wconf 85' lang='lat' dir='ltr'>certius</span> <span class='ocrx_word' id='word_1_216' title='bbox 1098 2700 1211 2784; x_wconf 85' lang='lat' dir='ltr'>sperari</span> <span class='ocrx_word' id='word_1_217' title='bbox 1222 2717 1312 2782; x_wconf 89' lang='lat' dir='ltr'>posse</span> 
     </span>
     <span class='ocr_line' id='line_1_23' title="bbox 144 2801 1311 2887; baseline 0 -23"><span class='ocrx_word' id='word_1_218' title='bbox 144 2813 264 2886; x_wconf 85' lang='lat' dir='ltr'>apparet</span> <span class='ocrx_word' id='word_1_219' title='bbox 278 2803 334 2866; x_wconf 88' lang='lat' dir='ltr'>nisi</span> <span class='ocrx_word' id='word_1_220' title='bbox 349 2803 380 2865; x_wconf 89' lang='lat' dir='ltr'>in</span> <span class='ocrx_word' id='word_1_221' title='bbox 394 2821 495 2887; x_wconf 78' lang='lat' dir='ltr'>regno,</span> <span class='ocrx_word' id='word_1_222' title='bbox 511 2805 536 2868; x_wconf 89' lang='lat' dir='ltr'>si</span> <span class='ocrx_word' id='word_1_223' title='bbox 552 2805 672 2887; x_wconf 90' lang='lat' dir='ltr'>quidem</span> <span class='ocrx_word' id='word_1_224' title='bbox 687 2823 739 2868; x_wconf 86' lang='lat' dir='ltr'>rex</span> <span class='ocrx_word' id='word_1_225' title='bbox 755 2805 794 2867; x_wconf 89' lang='lat' dir='ltr'>sit</span> <span class='ocrx_word' id='word_1_226' title='bbox 809 2804 930 2867; x_wconf 90' lang='lat' dir='ltr'>nomine</span> <span class='ocrx_word' id='word_1_227' title='bbox 951 2823 1006 2867; x_wconf 89' lang='lat' dir='ltr'>suo</span> <span class='ocrx_word' id='word_1_228' title='bbox 1026 2803 1105 2866; x_wconf 88' lang='lat' dir='ltr'>haud</span> <span class='ocrx_word' id='word_1_229' title='bbox 1125 2806 1211 2885; x_wconf 86' lang='lat' dir='ltr'>plane</span> <span class='ocrx_word' id='word_1_230' title='bbox 1232 2801 1311 2865; x_wconf 89' lang='lat' dir='ltr'>iudi-</span> 
     </span>
    </p>
   </div>
   <div class='ocr_carea' id='block_1_7' title="bbox 143 2905 1407 2988">
    <p class='ocr_par' dir='ltr' id='par_1_7' title="bbox 143 2905 1407 2988">
     <span class='ocr_line' id='line_1_24' title="bbox 143 2905 1407 2988; baseline -0.001 -21"><span class='ocrx_word' id='word_1_231' title='bbox 143 2921 228 2986; x_wconf 77' lang='lat' dir='ltr'>gnus.</span> <span class='ocrx_word' id='word_1_232' title='bbox 252 2905 290 2968; x_wconf 84' lang='lat' dir='ltr'>Et</span> <span class='ocrx_word' id='word_1_233' title='bbox 300 2905 397 2980; x_wconf 87' lang='lat' dir='ltr'>habet,</span> <span class='ocrx_word' id='word_1_234' title='bbox 409 2908 525 2988; x_wconf 86' lang='lat' dir='ltr'>opinor,</span> <span class='ocrx_word' id='word_1_235' title='bbox 536 2907 594 2970; x_wconf 84' lang='lat' dir='ltr'>laoc</span> <span class='ocrx_word' id='word_1_236' title='bbox 608 2907 707 2988; x_wconf 86' lang='lat' dir='ltr'>ipsum</span> <span class='ocrx_word' id='word_1_237' title='bbox 722 2907 798 2988; x_wconf 77' lang='lat' dir='ltr'>repis</span> <span class='ocrx_word' id='word_1_238' title='bbox 813 2923 923 2970; x_wconf 86' lang='lat' dir='ltr'>nornen</span> <span class='ocrx_word' id='word_1_239' title='bbox 938 2906 1016 2968; x_wconf 87' lang='lat' dir='ltr'>hanc</span> <span class='ocrx_word' id='word_1_240' title='bbox 1029 2906 1099 2981; x_wconf 85' lang='lat' dir='ltr'>vim,</span> <span class='ocrx_word' id='word_1_241' title='bbox 1114 2923 1189 2986; x_wconf 90' lang='lat' dir='ltr'>quae</span> <span class='ocrx_word' id='word_1_242' title='bbox 1204 2923 1311 2986; x_wconf 88' lang='lat' dir='ltr'>qoem·</span> <span class='ocrx_word' id='word_1_243' title='bbox 1401 2947 1407 2958; x_wconf 89' lang='lat'>.</span> 
     </span>
    </p>
   </div>
   <div class='ocr_carea' id='block_1_8' title="bbox 145 3005 1312 3089">
    <p class='ocr_par' dir='ltr' id='par_1_8' title="bbox 145 3005 1312 3089">
     <span class='ocr_line' id='line_1_25' title="bbox 145 3005 1312 3089; baseline 0.001 -22"><span class='ocrx_word' id='word_1_244' title='bbox 145 3005 188 3068; x_wconf 84' lang='lat' dir='ltr'>vis</span> <span class='ocrx_word' id='word_1_245' title='bbox 203 3024 263 3069; x_wconf 92' lang='lat' dir='ltr'>non</span> <span class='ocrx_word' id='word_1_246' title='bbox 277 3005 363 3088; x_wconf 87' lang='lat' dir='ltr'>plane</span> <span class='ocrx_word' id='word_1_247' title='bbox 379 3026 531 3089; x_wconf 82' lang='lat' dir='ltr'>perversae</span> <span class='ocrx_word' id='word_1_248' title='bbox 547 3009 653 3072; x_wconf 90' lang='lat' dir='ltr'>mentis</span> <span class='ocrx_word' id='word_1_249' title='bbox 674 3009 828 3072; x_wconf 88' lang='lat' dir='ltr'>hominem</span> <span class='ocrx_word' id='word_1_250' title='bbox 851 3008 940 3071; x_wconf 89' lang='lat' dir='ltr'>etiam</span> <span class='ocrx_word' id='word_1_251' title='bbox 962 3007 1051 3072; x_wconf 83' lang='lat' dir='ltr'>ellicii</span> <span class='ocrx_word' id='word_1_252' title='bbox 1066 3007 1136 3088; x_wconf 78' lang='lat' dir='ltr'>regii</span> <span class='ocrx_word' id='word_1_253' title='bbox 1151 3007 1312 3069; x_wconf 85' lang='lat' dir='ltr'>admonere</span> 
     </span>
    </p>
   </div>
   <div class='ocr_carea' id='block_1_9' title="bbox 28 3107 1312 3192">
    <p class='ocr_par' dir='ltr' id='par_1_9' title="bbox 28 3107 1312 3192">
     <span class='ocr_line' id='line_1_26' title="bbox 28 3107 1312 3192; baseline -0.001 -23"><span class='ocrx_word' id='word_1_254' title='bbox 28 3125 30 3130; x_wconf 89' lang='lat'>·</span> <span class='ocrx_word' id='word_1_255' title='bbox 145 3107 258 3182; x_wconf 86' lang='lat' dir='ltr'>debeat,</span> <span class='ocrx_word' id='word_1_256' title='bbox 274 3115 308 3170; x_wconf 94' lang='lat' dir='ltr'>ut</span> <span class='ocrx_word' id='word_1_257' title='bbox 323 3109 365 3172; x_wconf 89' lang='lat' dir='ltr'>rei</span> <span class='ocrx_word' id='word_1_258' title='bbox 381 3111 513 3192; x_wconf 86' lang='lat' dir='ltr'>publicae</span> <span class='ocrx_word' id='word_1_259' title='bbox 527 3129 559 3172; x_wconf 88' lang='lat' dir='ltr'>se</span> <span class='ocrx_word' id='word_1_260' title='bbox 573 3129 732 3192; x_wconf 88' lang='lat' dir='ltr'>personam</span> <span class='ocrx_word' id='word_1_261' title='bbox 748 3129 849 3192; x_wconf 81' lang='lat' dir='ltr'>perere</span> <span class='ocrx_word' id='word_1_262' title='bbox 861 3110 1030 3172; x_wconf 88' lang='lat' dir='ltr'>meminerit</span> <span class='ocrx_word' id='word_1_263' title='bbox 1040 3127 1166 3190; x_wconf 90' lang='lat' dir='ltr'>eamque</span> <span class='ocrx_word' id='word_1_264' title='bbox 1177 3121 1210 3170; x_wconf 91' lang='lat' dir='ltr'>ut</span> <span class='ocrx_word' id='word_1_265' title='bbox 1221 3127 1312 3190; x_wconf 86' lang='lat' dir='ltr'>quam</span> 
     </span>
    </p>
   </div>
   <div class='ocr_carea' id='block_1_10' title="bbox 145 3209 1316 3907">
    <p class='ocr_par' dir='ltr' id='par_1_10' title="bbox 145 3209 1316 3907">
     <span class='ocr_line' id='line_1_27' title="bbox 145 3209 1312 3294; baseline 0.002 -22"><span class='ocrx_word' id='word_1_266' title='bbox 145 3210 240 3292; x_wconf 89' lang='lat' dir='ltr'>possit</span> <span class='ocrx_word' id='word_1_267' title='bbox 253 3210 415 3274; x_wconf 87' lang='lat' dir='ltr'>rectissime</span> <span class='ocrx_word' id='word_1_268' title='bbox 430 3228 532 3292; x_wconf 75' lang='lat' dir='ltr'>gerere</span> <span class='ocrx_word' id='word_1_269' title='bbox 547 3211 655 3292; x_wconf 88' lang='lat' dir='ltr'>cupiat,</span> <span class='ocrx_word' id='word_1_270' title='bbox 670 3229 746 3294; x_wconf 85' lang='lat' dir='ltr'>quae</span> <span class='ocrx_word' id='word_1_271' title='bbox 760 3230 818 3285; x_wconf 90' lang='lat' dir='ltr'>res,</span> <span class='ocrx_word' id='word_1_272' title='bbox 835 3211 976 3293; x_wconf 89' lang='lat' dir='ltr'>quoniam</span> <span class='ocrx_word' id='word_1_273' title='bbox 992 3210 1085 3274; x_wconf 89' lang='lat' dir='ltr'>maior</span> <span class='ocrx_word' id='word_1_274' title='bbox 1099 3222 1145 3273; x_wconf 84' lang='lat' dir='ltr'>est</span> <span class='ocrx_word' id='word_1_275' title='bbox 1159 3230 1248 3292; x_wconf 88' lang='lat' dir='ltr'>quam</span> <span class='ocrx_word' id='word_1_276' title='bbox 1264 3209 1312 3274; x_wconf 85' lang='lat' dir='ltr'>cui</span> 
     </span>
     <span class='ocr_line' id='line_1_28' title="bbox 145 3307 1314 3399; baseline 0 -26"><span class='ocrx_word' id='word_1_277' title='bbox 145 3313 235 3374; x_wconf 86' lang='lat' dir='ltr'>unius</span> <span class='ocrx_word' id='word_1_278' title='bbox 250 3311 380 3375; x_wconf 89' lang='lat' dir='ltr'>hominis</span> <span class='ocrx_word' id='word_1_279' title='bbox 395 3312 517 3376; x_wconf 80' lang='lat' dir='ltr'>facultas</span> <span class='ocrx_word' id='word_1_280' title='bbox 532 3315 668 3376; x_wconf 88' lang='lat' dir='ltr'>sulticcre</span> <span class='ocrx_word' id='word_1_281' title='bbox 683 3315 790 3396; x_wconf 85' lang='lat' dir='ltr'>possit,</span> <span class='ocrx_word' id='word_1_282' title='bbox 811 3307 933 3399; x_wconf 84' lang='lat' dir='ltr'>operam</span> <span class='ocrx_word' id='word_1_283' title='bbox 955 3311 1036 3376; x_wconf 83' lang='lat' dir='ltr'>dalrit</span> <span class='ocrx_word' id='word_1_284' title='bbox 1055 3323 1089 3376; x_wconf 91' lang='lat' dir='ltr'>ut</span> <span class='ocrx_word' id='word_1_285' title='bbox 1103 3333 1156 3376; x_wconf 91' lang='lat' dir='ltr'>eos</span> <span class='ocrx_word' id='word_1_286' title='bbox 1169 3312 1225 3376; x_wconf 89' lang='lat' dir='ltr'>sibi</span> <span class='ocrx_word' id='word_1_287' title='bbox 1240 3331 1314 3375; x_wconf 89' lang='lat' dir='ltr'>ron·</span> 
     </span>
     <span class='ocr_line' id='line_1_29' title="bbox 147 3413 1314 3502; baseline 0.001 -25"><span class='ocrx_word' id='word_1_288' title='bbox 147 3413 271 3477; x_wconf 86' lang='lat' dir='ltr'>siliarios</span> <span class='ocrx_word' id='word_1_289' title='bbox 285 3423 316 3476; x_wconf 92' lang='lat' dir='ltr'>et</span> <span class='ocrx_word' id='word_1_290' title='bbox 331 3414 485 3479; x_wconf 87' lang='lat' dir='ltr'>ministros</span> <span class='ocrx_word' id='word_1_291' title='bbox 499 3415 646 3497; x_wconf 80' lang='lat' dir='ltr'>adiungat,</span> <span class='ocrx_word' id='word_1_292' title='bbox 667 3435 795 3498; x_wconf 87' lang='lat' dir='ltr'>quorum</span> <span class='ocrx_word' id='word_1_293' title='bbox 812 3418 895 3491; x_wconf 89' lang='lat' dir='ltr'>lides,</span> <span class='ocrx_word' id='word_1_294' title='bbox 916 3415 1057 3502; x_wconf 80' lang='lat' dir='ltr'>probitas,</span> <span class='ocrx_word' id='word_1_295' title='bbox 1073 3417 1239 3500; x_wconf 84' lang='lat' dir='ltr'>prudentia,</span> <span class='ocrx_word' id='word_1_296' title='bbox 1252 3416 1314 3480; x_wconf 83' lang='lat' dir='ltr'>sol·</span> 
     </span>
     <span class='ocr_line' id='line_1_30' title="bbox 146 3515 1314 3606; baseline 0 -26"><span class='ocrx_word' id='word_1_297' title='bbox 146 3516 229 3580; x_wconf 90' lang='lat' dir='ltr'>lertia</span> <span class='ocrx_word' id='word_1_298' title='bbox 245 3515 373 3580; x_wconf 77' lang='lat' dir='ltr'>masline</span> <span class='ocrx_word' id='word_1_299' title='bbox 388 3527 540 3602; x_wconf 89' lang='lat' dir='ltr'>perspecta</span> <span class='ocrx_word' id='word_1_300' title='bbox 561 3516 615 3592; x_wconf 87' lang='lat' dir='ltr'>sit,</span> <span class='ocrx_word' id='word_1_301' title='bbox 638 3525 668 3580; x_wconf 85' lang='lat' dir='ltr'>et</span> <span class='ocrx_word' id='word_1_302' title='bbox 690 3520 741 3598; x_wconf 88' lang='lat' dir='ltr'>qui</span> <span class='ocrx_word' id='word_1_303' title='bbox 763 3537 868 3584; x_wconf 82' lang='lat' dir='ltr'>onrnes</span> <span class='ocrx_word' id='word_1_304' title='bbox 888 3519 917 3582; x_wconf 89' lang='lat' dir='ltr'>id</span> <span class='ocrx_word' id='word_1_305' title='bbox 939 3536 1033 3582; x_wconf 87' lang='lat' dir='ltr'>unum</span> <span class='ocrx_word' id='word_1_306' title='bbox 1053 3519 1108 3582; x_wconf 75' lang='lat' dir='ltr'>sini</span> <span class='ocrx_word' id='word_1_307' title='bbox 1129 3519 1314 3606; x_wconf 87' lang='lat' dir='ltr'>propositum</span> 
     </span>
     <span class='ocr_line' id='line_1_31' title="bbox 147 3617 1314 3703; baseline 0 -21"><span class='ocrx_word' id='word_1_308' title='bbox 147 3617 284 3692; x_wconf 85' lang='lat' dir='ltr'>habeant,</span> <span class='ocrx_word' id='word_1_309' title='bbox 295 3632 330 3683; x_wconf 93' lang='lat' dir='ltr'>ut</span> <span class='ocrx_word' id='word_1_310' title='bbox 340 3621 383 3684; x_wconf 90' lang='lat' dir='ltr'>rei</span> <span class='ocrx_word' id='word_1_311' title='bbox 394 3620 527 3703; x_wconf 89' lang='lat' dir='ltr'>publicae</span> <span class='ocrx_word' id='word_1_312' title='bbox 538 3621 708 3696; x_wconf 84' lang='lat' dir='ltr'>inserviant,</span> <span class='ocrx_word' id='word_1_313' title='bbox 719 3641 900 3702; x_wconf 84' lang='lat' dir='ltr'>omnemque</span> <span class='ocrx_word' id='word_1_314' title='bbox 911 3639 998 3684; x_wconf 88' lang='lat' dir='ltr'>suam</span> <span class='ocrx_word' id='word_1_315' title='bbox 1009 3641 1108 3684; x_wconf 87' lang='lat' dir='ltr'>rerum</span> <span class='ocrx_word' id='word_1_316' title='bbox 1120 3623 1314 3702; x_wconf 74' lang='lat' dir='ltr'>gerendamm</span> 
     </span>
     <span class='ocr_line' id='line_1_32' title="bbox 148 3721 1316 3806; baseline 0.001 -20"><span class='ocrx_word' id='word_1_317' title='bbox 148 3721 318 3786; x_wconf 76' lang='lat' dir='ltr'>facultatem</span> <span class='ocrx_word' id='word_1_318' title='bbox 334 3723 395 3806; x_wconf 78' lang='lat' dir='ltr'>regi</span> <span class='ocrx_word' id='word_1_319' title='bbox 410 3723 602 3787; x_wconf 89' lang='lat' dir='ltr'>commodent</span> <span class='ocrx_word' id='word_1_320' title='bbox 621 3743 713 3805; x_wconf 86' lang='lat' dir='ltr'>seque</span> <span class='ocrx_word' id='word_1_321' title='bbox 733 3725 818 3806; x_wconf 86' lang='lat' dir='ltr'>quasi</span> <span class='ocrx_word' id='word_1_322' title='bbox 838 3723 983 3806; x_wconf 80' lang='lat' dir='ltr'>quaedam</span> <span class='ocrx_word' id='word_1_323' title='bbox 998 3723 1205 3805; x_wconf 85' lang='lat' dir='ltr'>supplementa</span> <span class='ocrx_word' id='word_1_324' title='bbox 1220 3725 1316 3806; x_wconf 66' lang='lat' dir='ltr'>regim</span> 
     </span>
     <span class='ocr_line' id='line_1_33' title="bbox 149 3826 701 3907; baseline 0.005 -21"><span class='ocrx_word' id='word_1_325' title='bbox 149 3841 293 3907; x_wconf 89' lang='lat' dir='ltr'>personae</span> <span class='ocrx_word' id='word_1_326' title='bbox 306 3826 405 3890; x_wconf 85' lang='lat' dir='ltr'>addita</span> <span class='ocrx_word' id='word_1_327' title='bbox 419 3847 485 3890; x_wconf 86' lang='lat' dir='ltr'>esse</span> <span class='ocrx_word' id='word_1_328' title='bbox 500 3827 701 3890; x_wconf 88' lang='lat' dir='ltr'>meminerint.</span> 
     </span>
    </p>
   </div>
   <div class='ocr_carea' id='block_1_11' title="bbox 234 3919 1460 4018">
    <p class='ocr_par' dir='ltr' id='par_1_11' title="bbox 234 3919 1460 4018">
     <span class='ocr_line' id='line_1_34' title="bbox 234 3919 1460 4018; baseline 0.002 -28"><span class='ocrx_word' id='word_1_329' title='bbox 234 3927 285 3992; x_wconf 86' lang='lat' dir='ltr'>Sic</span> <span class='ocrx_word' id='word_1_330' title='bbox 298 3928 386 4010; x_wconf 73' lang='lat' dir='ltr'>igitur</span> <span class='ocrx_word' id='word_1_331' title='bbox 400 3930 562 3993; x_wconf 87' lang='lat' dir='ltr'>constituta</span> <span class='ocrx_word' id='word_1_332' title='bbox 576 3929 619 3992; x_wconf 88' lang='lat' dir='ltr'>rei</span> <span class='ocrx_word' id='word_1_333' title='bbox 634 3929 766 4013; x_wconf 81' lang='lat' dir='ltr'>publicae</span> <span class='ocrx_word' id='word_1_334' title='bbox 780 3928 876 3994; x_wconf 80' lang='lat' dir='ltr'>forma</span> <span class='ocrx_word' id='word_1_335' title='bbox 891 3947 959 3992; x_wconf 83' lang='lat' dir='ltr'>rere</span> <span class='ocrx_word' id='word_1_336' title='bbox 973 3927 1031 3992; x_wconf 90' lang='lat' dir='ltr'>dici</span> <span class='ocrx_word' id='word_1_337' title='bbox 1045 3928 1154 4010; x_wconf 93' lang='lat' dir='ltr'>poterit</span> <span class='ocrx_word' id='word_1_338' title='bbox 1168 3919 1206 3994; x_wconf 80' lang='lat' dir='ltr'>er</span> <span class='ocrx_word' id='word_1_339' title='bbox 1221 3929 1318 3993; x_wconf 85' lang='lat' dir='ltr'>tribus</span> <span class='ocrx_word' id='word_1_340' title='bbox 1450 4011 1460 4018; x_wconf 17' lang='grc' dir='ltr'><em>ἢ</em></span> 
     </span>
    </p>
   </div>
   <div class='ocr_carea' id='block_1_12' title="bbox 148 4027 1320 4420">
    <p class='ocr_par' dir='ltr' id='par_1_12' title="bbox 148 4027 1320 4420">
     <span class='ocr_line' id='line_1_35' title="bbox 148 4027 1317 4118; baseline 0.004 -28"><span class='ocrx_word' id='word_1_341' title='bbox 148 4027 313 4112; x_wconf 76' lang='lat' dir='ltr'>generibus,</span> <span class='ocrx_word' id='word_1_342' title='bbox 328 4031 473 4116; x_wconf 88' lang='lat' dir='ltr'>populari,</span> <span class='ocrx_word' id='word_1_343' title='bbox 488 4031 688 4115; x_wconf 86' lang='lat' dir='ltr'>optimatium,</span> <span class='ocrx_word' id='word_1_344' title='bbox 704 4030 843 4114; x_wconf 79' lang='lat' dir='ltr'>regioque</span> <span class='ocrx_word' id='word_1_345' title='bbox 855 4032 981 4114; x_wconf 87' lang='lat' dir='ltr'>imperio</span> <span class='ocrx_word' id='word_1_346' title='bbox 993 4031 1084 4093; x_wconf 86' lang='lat' dir='ltr'>mista</span> <span class='ocrx_word' id='word_1_347' title='bbox 1096 4037 1127 4093; x_wconf 90' lang='lat' dir='ltr'>et</span> <span class='ocrx_word' id='word_1_348' title='bbox 1138 4035 1317 4118; x_wconf 85' lang='lat' dir='ltr'>temperata:</span> 
     </span>
     <span class='ocr_line' id='line_1_36' title="bbox 149 4133 1319 4221; baseline 0.003 -26"><span class='ocrx_word' id='word_1_349' title='bbox 149 4149 275 4212; x_wconf 87' lang='lat' dir='ltr'>eamque</span> <span class='ocrx_word' id='word_1_350' title='bbox 294 4133 537 4197; x_wconf 87' lang='lat' dir='ltr'>constitutionem</span> <span class='ocrx_word' id='word_1_351' title='bbox 553 4143 622 4196; x_wconf 86' lang='lat' dir='ltr'>ante</span> <span class='ocrx_word' id='word_1_352' title='bbox 637 4133 750 4216; x_wconf 88' lang='lat' dir='ltr'>aliquot</span> <span class='ocrx_word' id='word_1_353' title='bbox 763 4151 858 4198; x_wconf 80' lang='lat' dir='ltr'>annos</span> <span class='ocrx_word' id='word_1_354' title='bbox 873 4134 951 4218; x_wconf 90' lang='lat' dir='ltr'>apud</span> <span class='ocrx_word' id='word_1_355' title='bbox 971 4151 1026 4195; x_wconf 88' lang='lat' dir='ltr'>nos</span> <span class='ocrx_word' id='word_1_356' title='bbox 1048 4133 1164 4198; x_wconf 78' lang='lat' dir='ltr'>fundari</span> <span class='ocrx_word' id='word_1_357' title='bbox 1182 4147 1319 4221; x_wconf 82' lang='lat' dir='ltr'>coeptam</span> 
     </span>
     <span class='ocr_line' id='line_1_37' title="bbox 150 4233 1320 4320; baseline 0.005 -24"><span class='ocrx_word' id='word_1_358' title='bbox 150 4250 243 4315; x_wconf 90' lang='lat' dir='ltr'>quum</span> <span class='ocrx_word' id='word_1_359' title='bbox 259 4251 339 4298; x_wconf 90' lang='lat' dir='ltr'>nuno</span> <span class='ocrx_word' id='word_1_360' title='bbox 352 4233 490 4299; x_wconf 87' lang='lat' dir='ltr'>homines</span> <span class='ocrx_word' id='word_1_361' title='bbox 504 4245 556 4299; x_wconf 87' lang='lat' dir='ltr'>aut</span> <span class='ocrx_word' id='word_1_362' title='bbox 570 4234 696 4317; x_wconf 87' lang='lat' dir='ltr'>improbi</span> <span class='ocrx_word' id='word_1_363' title='bbox 710 4247 762 4300; x_wconf 86' lang='lat' dir='ltr'>out</span> <span class='ocrx_word' id='word_1_364' title='bbox 775 4236 905 4320; x_wconf 88' lang='lat' dir='ltr'>imperiti</span> <span class='ocrx_word' id='word_1_365' title='bbox 920 4252 980 4298; x_wconf 91' lang='lat' dir='ltr'>non</span> <span class='ocrx_word' id='word_1_366' title='bbox 992 4238 1133 4318; x_wconf 84' lang='lat' dir='ltr'>perticere</span> <span class='ocrx_word' id='word_1_367' title='bbox 1144 4237 1320 4320; x_wconf 85' lang='lat' dir='ltr'>lirmiusqus</span> 
     </span>
     <span class='ocr_line' id='line_1_38' title="bbox 150 4335 1319 4420; baseline 0.003 -20"><span class='ocrx_word' id='word_1_368' title='bbox 150 4335 291 4413; x_wconf 83' lang='lat' dir='ltr'>stabilire,</span> <span class='ocrx_word' id='word_1_369' title='bbox 306 4335 360 4400; x_wconf 84' lang='lat' dir='ltr'>sed</span> <span class='ocrx_word' id='word_1_370' title='bbox 374 4354 567 4418; x_wconf 83' lang='lat' dir='ltr'>corrumpere</span> <span class='ocrx_word' id='word_1_371' title='bbox 581 4355 753 4420; x_wconf 78' lang='lat' dir='ltr'>enprorsus</span> <span class='ocrx_word' id='word_1_372' title='bbox 767 4339 798 4402; x_wconf 91' lang='lat' dir='ltr'>in</span> <span class='ocrx_word' id='word_1_373' title='bbox 812 4337 995 4404; x_wconf 89' lang='lat' dir='ltr'>contrarium</span> <span class='ocrx_word' id='word_1_374' title='bbox 1016 4351 1188 4404; x_wconf 77' lang='lat' dir='ltr'>convertere</span> <span class='ocrx_word' id='word_1_375' title='bbox 1206 4357 1319 4404; x_wconf 85' lang='lat' dir='ltr'>conen·</span> 
     </span>
    </p>
   </div>
   <div class='ocr_carea' id='block_1_13' title="bbox 150 4435 1321 4604">
    <p class='ocr_par' dir='ltr' id='par_1_13' title="bbox 150 4435 1321 4604">
     <span class='ocr_line' id='line_1_39' title="bbox 150 4435 1321 4604; baseline 0.006 -103"><span class='ocrx_word' id='word_1_376' title='bbox 150 4439 301 4600; x_wconf 51' lang='lat' dir='ltr'>tursvquis</span> <span class='ocrx_word' id='word_1_377' title='bbox 320 4435 447 4505; x_wconf 87' lang='lat' dir='ltr'>nou&#39;rir</span> <span class='ocrx_word' id='word_1_378' title='bbox 464 4437 564 4504; x_wconf 83' lang='lat' dir='ltr'>boatu</span> <span class='ocrx_word' id='word_1_379' title='bbox 583 4440 754 4524; x_wconf 85' lang='lat' dir='ltr'>patriaeque</span> <span class='ocrx_word' id='word_1_380' title='bbox 767 4459 872 4506; x_wconf 82' lang='lat' dir='ltr'>amans</span> <span class='ocrx_word' id='word_1_381' title='bbox 886 4442 996 4506; x_wconf 86' lang='lat' dir='ltr'>homm</span> <span class='ocrx_word' id='word_1_382' title='bbox 1009 4441 1107 4604; x_wconf 50' lang='lat' dir='ltr'>lure?</span> <span class='ocrx_word' id='word_1_383' title='bbox 1119 4443 1321 4508; x_wconf 73' lang='lat' dir='ltr'>resutsudum</span> 
     </span>
     <span class='ocr_line' id='line_1_40' title="bbox 232 4543 1194 4602; baseline -0.01 -4"><span class='ocrx_word' id='word_1_384' title='bbox 232 4578 242 4598; x_wconf 86' lang='lat'><strong>.</strong></span> <span class='ocrx_word' id='word_1_385' title='bbox 585 4571 586 4574; x_wconf 56' lang='lat'><em>=</em></span> <span class='ocrx_word' id='word_1_386' title='bbox 1102 4543 1116 4602; x_wconf 80' lang='grc' dir='ltr'>ι</span> <span class='ocrx_word' id='word_1_387' title='bbox 1193 4583 1194 4588; x_wconf 75' lang='grc'>,</span> 
     </span>
    </p>
   </div>
   <div class='ocr_carea' id='block_1_14' title="bbox 0 0 1617 4962">
    <p class='ocr_par' dir='ltr' id='par_1_14' title="bbox 0 0 1617 4962">
     <span class='ocr_line' id='line_1_41' title="bbox 0 0 1617 4962; baseline 0 0"><span class='ocrx_word' id='word_1_388' title='bbox 0 0 1617 4962; x_wconf 95' lang='lat' dir='ltr'> </span> 
     </span>
    </p>
   </div>
  </div>
 </body>
</html>
