3266 4958
782 515 796 522 ..
820 425 931 524 λλ..-

271 615 405 700 publieae
422 633 477 679 σοι
490 615 655 700 Theognidi
676 617 867 682 commissam
889 615 940 680 sed
956 636 1026 680 mox
1040 633 1145 680 rursus
1160 615 1331 698 ademptam
1345 614 1438 680 luisse

271 719 463 794 comodum,
477 738 544 784 eam
556 720 602 784 alii
615 721 754 804 cuipiam,
768 731 799 785 et
810 721 920 785 maiore
932 739 1000 784 oum
1012 727 1169 802 potestate,
1184 719 1362 802 permissam
1374 737 1439 782 esse

271 839 334 886 nou
345 829 456 886 umere
466 823 552 886 nobis
562 843 598 886 ex
610 823 657 886 bis
669 823 800 888 renibus
811 823 946 904 colligere
958 821 1101 898 videmur,
1113 822 1165 904 qui
1174 831 1245 886 aunt
1253 820 1438 886 stt-sou:

373 919 458 1003 Λὰξ
477 918 584 1007 ἐπίβα
606 919 700 1012 δήμῳ
721 920 923 1011 ιιενεόφρονι,
944 917 1050 988 τύπτε
1072 918 1110 988 δέ
1132 919 1254 1012 κέντρῳ

460 1018 531 1106 ὀξέι
552 1021 611 1092 καὶ
634 1022 767 1114 ζεύγλην
790 1021 957 1114 δύσλοφον
978 1017 1178 1114 ἆμφιτίθει·

376 1123 415 1194 ον’
439 1127 501 1214 γὰρ
524 1121 584 1196 ἔθ’
606 1119 757 1216 adoriens
778 1127 883 1216 δῆμον
904 1123 1152 1217 φιλοδέσποτον
1173 1115 1240 1194 ὦδε

460 1225 662 1318 ἀνθρώπων,
686 1225 834 1311 ὁπόσους
857 1227 966 1319 η’ἐλιος
987 1229 1131 1320 καθορᾷ.

275 1334 423 1401 Nimimm
445 1339 537 1402 iratus
558 1339 653 1422 plebi,
673 1358 690 1402 a
710 1358 767 1420 qua
788 1339 851 1422 ipse
870 1349 989 1422 spretus
1009 1345 1086 1412 erat,
1108 1337 1207 1414 illum,
1229 1335 1279 1418 qui
1299 1353 1380 1400 nuno
1399 1335 1442 1400 rei

275 1439 409 1520 publicae
434 1441 619 1523 praepositus
645 1450 704 1515 est,
731 1441 869 1504 bortatur
893 1447 928 1504 ut
948 1447 1092 1522 potestate
1112 1438 1167 1502 sibi
1188 1439 1332 1520 permissa
1353 1439 1442 1502 etiam

273 1541 392 1606 tortior
409 1553 511 1608 utatur
529 1543 684 1626 ipsamque
700 1543 815 1626 plebem
830 1543 918 1608 istam
932 1543 1025 1606 leuem
1040 1550 1130 1626 atque
1147 1541 1284 1604 stolidam
1300 1541 1443 1604 violenter

277 1663 412 1710 ooeroere
433 1664 471 1710 ue
491 1655 642 1720 vereatur,
665 1645 774 1729 quippe
794 1663 869 1729 quae
889 1653 971 1709 tanta
992 1645 1046 1729 ipsi
1060 1650 1206 1730 potestate
1221 1643 1327 1708 tradita
1342 1640 1444 1730 φιλο-

277 1741 444 1814 δέσποτον
462 1769 496 1814 se
515 1769 580 1814 esse
600 1747 771 1813 ostenderit
800 1748 845 1812 td
864 1749 943 1813 idem
964 1757 1084 1834 tempus
1098 1749 1246 1833 pertinere
1261 1748 1398 1814 sidentur
1412 1747 1444 1812 lai

277 1871 392 1928 venua,
407 1852 479 1917 stt.
495 1851 542 1915 2:
1293 1875 1295 1880 ·

377 1949 458 2041 μήτε
479 1945 546 2018 τιν’
568 1941 647 2031 αι’·ξε
667 1945 822 2036 τύραννον
842 1945 902 2018 ἐπ’
924 1947 1049 2030 ἐλπίδι,
1071 1947 1225 2037 κέρδεσιν
1245 1945 1352 2032 afesor,

464 2051 548 2142 μήτε
568 2057 672 2120 assisa
694 2053 783 2120 θεῶν
806 2047 903 2140 ὅρκια
924 2051 1134 2136 συνθέμενος,

279 2159 387 2241 quibus
408 2159 560 2223 admoneri
575 2161 704 2242 Cyrnum
720 2159 824 2232 medo,
845 2167 894 2233 ut,
914 2159 941 2222 si
955 2161 1031 2222 torte
1046 2158 1072 2222 is
1087 2159 1138 2240 qui
1153 2160 1196 2223 rei
1211 2157 1344 2242 publicae
1359 2175 1446 2240 prae·

277 2261 374 2325 lectus
392 2263 432 2325 sit
452 2263 638 2344 tyrannidem
657 2265 789 2336 attentet,
811 2261 879 2325 buie
898 2281 931 2325 ae
953 2279 1051 2344 neque
1066 2262 1232 2325 adiutorem
1248 2261 1386 2344 praebeat
1399 2261 1446 2324 sui

278 2363 414 2445 privatim
434 2365 583 2428 eammodi
604 2383 708 2438 muse,
729 2381 826 2446 neque
841 2381 911 2426 vero
926 2363 961 2428 ad
976 2383 1046 2426 eum
1062 2363 1292 2427 interimendum
1307 2361 1446 2426 eoniura·

279 2465 392 2529 tionem
403 2467 505 2530 iaciat:
517 2467 634 2549 qualem
645 2466 877 2530 admonitionem
889 2485 950 2531 non
962 2467 1137 2531 mirabimur
1145 2467 1176 2529 iu
1185 2487 1231 2541 eo,
1244 2465 1291 2529 eui
1301 2465 1446 2548 populum

278 2569 430 2652 qnonieo
451 2569 576 2651 imperio
600 2569 722 2652 dignum
737 2569 835 2633 risum
850 2589 915 2633 esse
930 2589 1019 2654 supra
1034 2569 1235 2651 cognorimus.
1265 2568 1332 2632 Non
1347 2577 1448 2632 tamen

279 2673 476 2756 perseverarit
489 2672 519 2736 in
534 2672 589 2736 bae
601 2671 763 2736 sententia:
786 2691 856 2737 uam
871 2672 927 2736 alio
943 2673 1024 2748 loeo,
1040 2693 1067 2736 r.
1086 2673 1166 2737 1203
1176 2692 1254 2756 sqq,
1268 2673 1448 2737 acerrimum

281 2775 443 2859 tyrannidis
458 2775 559 2840 odiunt
574 2777 747 2859 profitetur:

385 2871 455 2944 ode
477 2867 556 2962 εἶμ’,
579 2871 654 2944 odo'
676 2871 737 2942 ἐπ’
760 2871 843 2961 ἐμοῦ
864 2870 1069 2963 κεκλήσεται,
1092 2870 1167 2944 οὐδ’
1191 2873 1251 2943 ἐπὶ
1272 2871 1388 2966 τύμβῳ

469 2975 653 3065 ολμιοχθεὶς
673 2975 742 3047 ἐπὸ
765 2980 826 3068 γῆν
848 2969 916 3046 εἶσι
937 2977 1093 3066 τύραννος
1115 2973 1206 3068 ἀνήρ.

384 3076 457 3151 oe’rd’
479 3075 522 3152 ἂν
542 3081 665 3164 ἐκεῖνος
686 3079 768 3168 ἐμοῦ
790 3079 970 3172 τεθνηότος
993 3077 1065 3152 οὔτ’
1088 3077 1222 3174 ἀνιῷτο,

471 3181 547 3256 oliae
568 3187 654 3255 κατὰ
675 3183 853 3278 βλεφάρων
875 3185 1003 3274 δάκρυα
1023 3183 1135 3276 θέρμα
1157 3185 1268 3273 βάλοι.

285 3303 317 3358 et
330 3311 398 3358 euna
413 3293 535 3380 quidem
550 3306 718 3380 tyrannum,
734 3295 785 3380 qui
800 3294 958 3359 immodica
969 3295 1148 3361 tributorum
1161 3295 1312 3360 exactione
1324 3295 1451 3380 rapinis·

285 3419 345 3484 que
370 3399 470 3484 populi
494 3399 649 3466 tenuitates
673 3399 841 3476 exhauriat,
866 3399 969 3484 quavis
995 3407 1093 3466 morto
1118 3399 1240 3484 dignum
1261 3419 1325 3466 esse
1345 3401 1453 3466 clamat

286 3523 315 3568 ε.
334 3503 428 3568 ttst:

388 3599 584 3696 dppropeiyoe
606 3601 644 3673 dt
663 3601 821 3693 τέραννον
843 3597 940 3684 ὅπως
961 3600 1093 3684 ἐθέλεις
1114 3603 1309 3674 κατακλῖναι

472 3703 512 3776 ον’
533 3707 663 3793 νέμεσις
682 3707 770 3796 πρὸς
791 3709 882 3776 θεῶν
904 3711 1047 3794 γίγνεται
1071 3703 1219 3793 οὐδεμία,

287 3815 339 3898 qui
357 3815 413 3882 loci
430 3833 492 3880 uon
510 3835 565 3900 pro
580 3815 759 3881 documento
775 3813 875 3880 baberi
891 3825 1033 3900 possunt,
1055 3817 1188 3881 extitisse
1202 3835 1235 3880 re
1249 3835 1317 3880 vera
1331 3815 1453 3899 bleparia

287 3921 338 3983 illo
352 3929 486 4004 tempore
500 3929 668 4004 tpranuum,
682 3919 735 3984 aed
751 3918 808 3984 boe
822 3927 940 3984 tantum
956 3921 1128 3998 ostendunt,
1143 3939 1209 3985 earn
1224 3919 1317 3984 luisse
1329 3919 1455 3984 civitatis

288 4021 504 4100 eonditiouem,
523 4043 599 4108 quae
617 4023 734 4090 luturae
754 4023 916 4108 tyrannidis
939 4023 1140 4108 auspieiouem
1155 4042 1275 4091 morere
1291 4023 1455 4108 'l'beoguidi

289 4135 401 4209 posset.
1398 4133 1402 4143 ’

376 4229 488 4297 lturrue
507 4232 585 4298 aliud
604 4251 698 4319 mnus
717 4233 852 4300 locorum
871 4241 931 4308 est,
954 4233 1006 4320 qui
1021 4234 1163 4302 abolitum
1177 4253 1342 4322 paucorum
1357 4233 1455 4319 impe·

291 4331 385 4412 aiunt,
409 4347 605 4422 exaequatum
624 4338 701 4424 plebi
721 4357 790 4404 utor
810 4335 962 4404 nobilitate
981 4337 1044 4417 ius,
1071 4340 1217 4407 eonnubia
1236 4341 1316 4408 iuter
1336 4337 1456 4406 ordines

292 4438 474 4523 prouisum,
501 4441 632 4508 bonores
652 4461 772 4528 quoque
792 4449 824 4509 et
842 4441 1032 4526 magistratus
1051 4443 1188 4529 plebeiis,
1212 4441 1456 4530 locupletioribus
