3186 4968
232 1648 419 1747 schotti
454 1653 501 1746 IN
532 1652 758 1748 EURIPIDIS
791 1651 940 1746 totth.
1003 1653 1130 1747 rtttt.
1163 1653 1203 1748 t.

223 1906 309 1988 Apud
330 1905 504 1971 Cioerouetu
526 1907 563 1970 tle
584 1915 659 1970 orat
682 1906 725 1982 tt,
758 1905 796 1969 ts
816 1925 833 1970 a
854 1905 969 1979 Catulo,
988 1923 1050 1969 uno
1071 1923 1177 1970 eorum
1197 1907 1249 1989 qui
1266 1907 1308 1974 ht

137 2006 338 2090 colloquentes
353 2007 544 2082 inducuntur,
558 2007 776 2072 narrahuuoula
785 2007 930 2090 quaedam
941 2007 1051 2070 ineerta
1061 2015 1108 2070 eat
1118 2008 1305 2074 huiunott:

137 2107 332 2174 hannibalem
347 2109 521 2192 Carthagine
535 2109 703 2192 expulsum,
718 2126 813 2192 quum
828 2109 980 2192 Euhenum
995 2109 1134 2186 reuiaset,
1150 2109 1305 2177 inritatum

136 2230 202 2276 eree
216 2211 254 2274 ah
268 2211 445 2294 hospitihua.
460 2217 495 2276 ut
509 2211 722 2276 Phormionem
737 2211 863 2285 audiui,
886 2209 1091 2294 philosophiae
1107 2211 1306 2294 proiemorem

136 2313 215 2378 haud
231 2315 404 2397 ignobilem:
430 2333 584 2398 quumque
609 2313 658 2378 ille
678 2333 711 2378 ae
732 2332 794 2378 uon
814 2313 894 2378 nolle
916 2314 1054 2386 dimanet,
1079 2315 1214 2380 looutum
1239 2335 1306 2380 eaae

136 2415 361 2494 Phormionem,
375 2417 528 2482 homiuem
543 2415 709 2500 eopioaum,
728 2417 841 2500 aliquot
854 2415 944 2480 horas
959 2417 996 2480 de
1010 2417 1196 2500 imperatoria
1207 2417 1307 2484 oiliuio

136 2519 217 2584 etde
232 2519 314 2585 omni
328 2539 361 2584 re
376 2519 504 2586 militari
547 2518 636 2594 Tum,
650 2537 744 2602 quum
758 2520 849 2584 ueteri
863 2519 914 2601 qui
928 2518 1013 2585 illum
1024 2519 1205 2585 audivissent
1214 2521 1305 2586 rehe-

136 2631 255 2688 menter
267 2631 368 2690 cuent
380 2623 515 2688 delectati
529 2629 763 2707 quaererentque
784 2623 821 2688 ah
837 2623 1010 2700 Hannibale,
1029 2622 1171 2706 quidnam
1187 2623 1249 2708 luae
1262 2624 1299 2690 de

135 2723 186 2790 illo
200 2725 378 2809 philosopho
394 2728 544 2802 iudicaret,
560 2725 695 2790 Poenum
711 2744 773 2791 non
787 2726 900 2811 optImo
913 2745 1016 2808 graeoe
1030 2726 1084 2790 aed
1099 2735 1200 2792 tamen
1213 2728 1303 2792 lihere

135 2829 336 2912 muoudiaae,
352 2831 462 2897 multoe
476 2850 509 2895 ae
522 2829 632 2894 deliroo
646 2847 732 2894 aenea
745 2847 834 2912 saepe
848 2827 966 2907 vidisse,
980 2829 1032 2892 aed
1047 2828 1100 2911 qui
1111 2829 1203 2914 magio
1214 2849 1303 2913 quam

136 2931 279 2998 Phormio
292 2933 429 3000 deliraret
443 2932 550 2998 altnae
564 2931 725 2998 nemiuem.
770 2931 874 3016 Neque
888 2931 1058 2997 mehercule
1072 2931 1188 3009 iniuria,
1208 2933 1305 3020 iuquit

137 3035 267 3102 Catulus.
311 3038 387 3115 Quid
400 3037 481 3103 enim
497 3043 549 3100 aut
562 3035 748 3120 arrogautIua
762 3045 814 3100 aut
827 3035 978 3118 loquacior
993 3035 1057 3100 lieri
1076 3036 1191 3118 potuit,
1213 3055 1304 3122 quam

137 3137 309 3215 IIanuihali,
331 3141 382 3224 qui
408 3149 455 3205 tot
474 3157 570 3204 aunon
590 3139 627 3203 tle
649 3138 774 3223 Imperio
789 3157 858 3204 cum
874 3139 985 3222 popttlo
999 3137 1136 3204 IIomauo
1150 3149 1305 3218 oemttet,

135 3259 274 3322 graecum
294 3243 463 3319 hominem,
483 3242 535 3326 qtti
555 3258 709 3326 uunquam
728 3241 861 3316 bootem,
881 3258 1036 3324 uunquam
1055 3251 1151 3306 nauhu
1174 3243 1303 3320 utinen

137 3360 290 3425 nunquam
310 3345 438 3428 denique
458 3345 613 3409 minimam
631 3353 744 3428 partem
764 3343 852 3408 ulIIua
872 3343 981 3428 publici
1000 3343 1133 3409 nunerio
1147 3345 1302 3430 attigisset.

136 3453 293 3528 praeoepta
308 3446 345 3510 de
358 3463 391 3510 re
406 3445 527 3511 militari
538 3442 633 3511 darei
646 3479 690 3494 -
703 3445 749 3510 lle
763 3457 862 3511 autern
878 3463 960 3512 nuun
970 3447 1058 3512 huiua
1069 3448 1305 3515 uarratIuneulae

136 3545 431 3612 commoneleoorunt
450 3548 564 3631 alluunt
587 3557 759 3614 uoatrorum
779 3549 937 3613 homiuum
957 3551 1091 3634 exempla
1112 3550 1301 3617 Phormiouia

135 3649 335 3731 arrogantiam
360 3665 423 3713 uon
448 3651 540 3714 modo
565 3649 778 3716 aemulantium
802 3649 855 3714 aed
881 3649 970 3733 longe
987 3651 1075 3715 etiam
1089 3653 1303 3736 auperautiuru,

136 3749 211 3815 Nam
226 3749 274 3814 ille
294 3751 415 3834 quidem
435 3751 509 3816 nihil
531 3751 588 3816 n'ui
608 3751 742 3816 reraatila
761 3751 912 3834 ingenium
927 3762 959 3814 et
972 3751 1141 3816 iaoundiatu
1157 3755 1307 3838 mandam

134 3851 339 3918 anholaatiuam
354 3863 385 3917 et
399 3852 550 3919 innoxiam
565 3863 716 3920 otteutare
730 3851 886 3920 ilanuihali
899 3853 1010 3930 voluit,
1035 3853 1066 3918 hi
1081 3864 1183 3921 autern
1198 3857 1307 3942 aliquit

135 3953 263 4039 amputo
276 3955 415 4020 affectant
428 3973 525 4040 neque
538 3955 570 4020 iu
585 3955 767 4040 privatorum
783 3957 899 4022 utnulla
913 3976 947 4022 ae
958 3957 1124 4036 oontiueut.
1139 3957 1191 4026 uhi
1205 3959 1243 4026 ad
1256 3975 1308 4028 oa·

134 4056 206 4123 toea
219 4065 252 4121 et
264 4057 382 4123 Inurum
397 4057 499 4123 diaerti
512 4055 677 4140 zottooo
691 4053 953 4146 ἀναπειστηρίαν
964 4069 1133 4137 oteroeaul,
1147 4063 1199 4128 teti
1210 4061 1309 4150 puhli-

134 4178 239 4227 oorum
260 4159 334 4227 ttleo
352 4161 546 4228 oouoiliorum
568 4173 705 4230 auotorea
723 4183 789 4230 aeae
803 4173 835 4229 et
848 4173 980 4230 rectore·
994 4162 1060 4230 ieri
1074 4165 1216 4248 gestiunt.
1259 4167 1311 4234 Sin

134 4261 223 4330 uiutla
237 4265 350 4329 multon
365 4263 499 4330 vitlemua
513 4267 700 4332 oouaultorea
714 4267 785 4334 vitio
798 4277 929 4344 creator,
951 4267 1004 4354 qui
1024 4286 1086 4334 uon
1106 4269 1206 4337 tolum
1225 4269 1264 4337 tle
1276 4289 1311 4338 ra

133 4365 262 4444 militari,
277 4367 330 4432 aod
345 4366 528 4434 duumuiro
544 4367 663 4455 pullio
683 4371 755 4456 quitl
776 4379 829 4438 aut
846 4369 954 4438 teheat
974 4371 1039 4438 lieri
1060 4382 1114 4439 aut
1125 4391 1189 4441 uon
1202 4373 1311 4442 debeat

132 4469 1303 4568 nunnaemeoontouttateeouutauttoouuouattenmpuotqoun·
