3166 4962
750 497 900 602 goo-

246 699 345 757 outcm
362 689 538 774 quibuscum
560 711 595 756 oa
610 690 800 775 componitur
821 691 930 768 omnia,
949 699 983 756 ut
1003 692 1072 765 dixi,
1094 701 1146 760 eut
1165 690 1342 776 pronomina
1356 699 1409 756 aut

182 863 187 870 ,
247 795 470 882 pronominalis.
496 805 612 880 practer
635 813 729 860 unum
757 798 927 882 plerique
953 807 985 863 et
1008 808 1149 864 neutrum
1175 797 1409 883 plerumque,

246 901 324 984 quod
340 901 468 965 adverbii
483 901 576 966 instar
589 909 643 966 cst.
672 900 804 968 l'lcrus
819 905 898 970 onim
914 903 1088 969 adiectivurn
1105 923 1169 968 esse
1184 915 1305 986 apparet
1319 904 1410 987 signi·

247 1007 337 1070 licans
353 1025 413 1070 non
429 1007 525 1073 solum
541 1005 560 1071 i.
576 1028 604 1091 tp.
621 1009 770 1095 plenus,
785 1009 835 1074 sod
850 1009 939 1074 ctiam
951 1009 970 1072 i.
983 1029 1012 1092 q.
1030 1011 1167 1074 multus
1182 1017 1233 1072 aut
1247 1003 1410 1090 pertitul-

245 1120 320 1188 tus‚
343 1111 539 1195 plurimus,
560 1115 639 1178 utin
655 1115 770 1178 Pacuvii
786 1133 872 1177 vorsu
886 1113 964 1197 apud
979 1113 1100 1180 Festum
1116 1137 1145 1200 p.
1162 1115 1224 1179 230
1239 1121 1271 1177 ct
1285 1111 1412 1176 Priscia-

250 1233 324 1280 num
339 1217 373 1292 V,
388 1217 429 1280 65
445 1237 474 1300 p.
493 1216 568 1282 182:
595 1219 767 1293 „Periere
789 1218 918 1282 Danai:
944 1219 1047 1301 plera
1068 1239 1149 1302 pars
1169 1217 1412 1304 pessumdata

247 1325 333 1384 cst.“
373 1319 503 1402 itemquo
529 1319 560 1384 in
586 1322 658 1388 boc:
686 1325 816 1400 „Palm
840 1321 1000 1387 dclriuos
1025 1325 1063 1388 in
1088 1319 1286 1409 Caphareis
1312 1320 1412 1386 saxis

248 1425 368 1510 pleros
394 1423 592 1509 perdidib“
637 1428 711 1492 llinc
737 1427 830 1511 pleri
860 1427 956 1490 addita
983 1429 1125 1512 particula
1151 1448 1219 1512 quc
1245 1426 1413 1491 indefinitae
1470 1461 1472 1467 ·

246 1525 401 1594 cuiusdam
418 1531 615 1596 multitudinis
629 1531 874 1614 signilicationom
890 1532 1102 1615 dispertitiuarn
1118 1533 1231 1616 accipit,
1246 1541 1280 1595 ut
1294 1530 1334 1594 sit'
1347 1529 1367 1594 i.
1383 1548 1413 1612 q,

247 1632 368 1716 plurimi
388 1652 508 1716 quoque
523 1643 668 1718 tompore,
694 1637 915 1718 plerumque
939 1645 1062 1700 autem
1078 1637 1097 1700 i.
1114 1657 1143 1720 q.
1168 1637 1226 1718 (ut)
1253 1635 1414 1717 plurimum

245 1753 366 1818 quoque
382 1747 525 1820 temporo.
541 1772 583 1784 ·-
599 1739 639 1802 llo
654 1741 884 1816 commeantum,
905 1741 993 1804 etiam
1010 1761 1086 1824 quae
1102 1737 1337 1823 pronominnlum
1353 1735 1416 1799 ori-

245 1838 345 1920 ginem
358 1858 418 1902 non
430 1841 492 1922 ipsa
503 1841 604 1905 statim
616 1843 688 1906 lucio
701 1846 838 1926 produnt,
852 1847 952 1929 qualos
965 1853 1035 1908 sunt
1046 1853 1141 1915 utor,
1151 1852 1206 1911 ut.
1220 1841 1292 1913 ubi,
1305 1837 1416 1919 undo,

246 1942 320 2006 salis
335 1961 415 2007 nunc
429 1941 506 2006 inter
521 1963 626 2008 omncs
641 1957 758 2010 constut
773 1949 938 2030 primitivas
950 1967 1054 2012 eorum
1067 1949 1180 2011 formos
1192 1943 1282 2007 luisse
1296 1949 1417 2017 cutcr,

247 2056 312 2112 cut
335 2053 386 2112 aul
412 2047 503 2121 cuti,
529 2047 630 2122 cubi,
656 2051 771 2114 cundo
798 2051 829 2114 in
844 2053 953 2135 qulbus
968 2051 1071 2115 endem
1087 2050 1177 2132 stirps
1192 2042 1417 2135 pronominalis,

251 2169 327 2232 quac
342 2159 388 2213 cst
403 2150 433 2212 in
449 2149 527 2232 qui,
542 2149 641 2230 quis,
658 2151 741 2214 lacile
756 2153 935 2233 agnoscitur.
961 2154 1057 2217 Etiam
1073 2171 1130 2227 us,
1146 2151 1224 2214 unde
1239 2153 1272 2212 m
1287 2164 1417 2226 usque,

249 2253 514 2334 siculusquam‚
540 2254 706 2334 uspiam,
732 2270 928 2336 nusquam,
954 2257 1026 2338 quin
1052 2256 1123 2319 olirn
1149 2251 1419 2316 cuslueritnemo

249 2352 1420 2432 dubitabit:cusautorniactumcrtecubo,siculoscxobs‚inostcndo

248 2473 294 2540 pr.
310 2457 511 2528 obstendo,
533 2476 642 2520 escon
667 2477 711 2540 pr.
728 2458 882 2522 obscen:
906 2459 997 2522 cubs
1019 2479 1088 2522 vcro
1109 2456 1242 2540 proxime
1257 2453 1420 2518 scccditad

248 2559 351 2632 cubi,
375 2567 405 2621 ct
420 2559 669 2640 quomadmodum
691 2560 750 2622 lroc
763 2560 896 2634 loculum,
913 2562 957 2624 sic
978 2561 1047 2625 illud
1063 2559 1257 2644 temporalem
1272 2556 1420 2637 significa·

251 2661 367 2724 tionem
384 2661 564 2724 indulinitam
581 2661 694 2736 babuit,
722 2681 796 2742 quae
812 2663 909 2726 addita
924 2663 1066 2746 particula
1086 2680 1156 2744 quo
1176 2661 1269 2741 magis
1284 2660 1423 2722 dilatatur

248 2781 285 2826 ac
305 2762 518 2845 dispertitiuam
542 2763 783 2845 signillcallonom
806 2766 938 2838 assumit,
966 2773 999 2828 ut
1024 2765 1062 2827 sit
1083 2784 1200 2847 usquo
1223 2763 1241 2825 i.
1257 2783 1286 2843 q.
1302 2778 1421 2842 quoquo

250 2873 386 2946 temporo
402 2873 452 2926 aut
466 2883 520 2945 por
534 2865 674 2947 quodque
690 2875 818 2950 tempus,
834 2885 910 2949 quac
926 2866 1098 2948 significatio
1114 2885 1203 2950 quom
1219 2863 1317 2926 aldeis
1331 2861 1370 2925 sil
1385 2861 1421 2936 ci,

250 2967 331 3050 quod
346 2975 393 3030 est
406 2985 553 3048 sempor
576 2977 629 3031 rut
649 2979 850 3052 perpctuo,
869 2969 1020 3033 nominum
1036 2969 1120 3051 sugit.
1163 2969 1200 3031 El
1214 2965 1291 3052 apud
1308 2970 1421 3027 veteres

250 3069 372 3152 quidum
400 3071 598 3154 probatosquc
623 3075 784 3156 scriptores
810 3093 922 3155 usque
948 3075 1046 3137 solnm
1074 3089 1226 3153 nunquam
1250 3069 1307 3132 alio
1330 3084 1422 3130 sensu

250 3173 390 3254 usurpari
416 3183 549 3251 constat3
576 3177 694 3240 additur
719 3186 819 3239 autom
847 3175 1024 3258 praepositio
1050 3175 1108 3245 ad,
1135 3191 1194 3254 quo
1221 3171 1367 3233 indicetur
1387 3169 1424 3231 ad

250 3292 343 3355 quern
369 3277 529 3340 torminum
556 3277 611 3340 ista
633 3278 814 3361 perpetuitas
835 3277 985 3358 procedat,
1004 3282 1251 3358 depugnatum
1268 3280 1314 3334 ost
1328 3285 1423 3352 usque

250 3375 289 3440 ed
305 3387 434 3440 noctem.
465 3379 622 3460 chtdmrs
643 3381 765 3443 demum
786 3377 873 3442 ctiam
889 3378 952 3440 sine
968 3376 1185 3460 praepositione
1200 3391 1319 3456 usquo
1334 3389 1423 3436 ustu-

253 3485 328 3562 panl
341 3499 378 3542 co
393 3496 494 3554 sensu,
508 3501 568 3562 quo
583 3500 639 3545 nos
654 3481 709 3544 bis
725 3500 784 3555 zu,
808 3479 910 3543 Graeci
924 3473 1040 3558 μέχρις
1056 3479 1166 3541 dicunt„

232 3648 242 3661 ,
341 3583 480 3646 Ceterum
496 3601 588 3665 quum
605 3601 671 3665 quc
685 3593 802 3666 practer
817 3584 893 3646 lrrnc
907 3581 1090 3644 indelinitam
1106 3579 1366 3661 significationem,
1388 3577 1426 3641 de

253 3704 313 3768 qua
330 3685 421 3749 modo
437 3684 550 3748 dictum
566 3695 622 3759 est,
643 3688 732 3750 ctiam
748 3687 871 3750 alteram
886 3684 993 3748 lrabeat
1007 3683 1193 3746 notissimam
1209 3683 1287 3746 illam
1303 3681 1427 3766 copula·

253 3791 358 3862 liram,
384 3807 460 3872 quac
482 3790 634 3869 quomodo
648 3809 685 3854 cr
700 3789 820 3854 relatiua
835 3787 977 3872 prodierit
991 3787 1086 3870 capito
1100 3786 1197 3868 primo
1212 3787 1319 3849 harum
1334 3803 1426 3867 quao-

255 3893 390 3958 clinnum
406 3891 610 3978 exposuimus,
625 3911 686 3958 non
700 3911 771 3957 sanc
786 3893 895 3956 mirum
909 3899 954 3954 est
969 3890 1057 3953 ctiam
1069 3888 1296 3973 pronominibus
1311 3897 1341 3950 ct
1354 3905 1428 3970 pro·

254 3995 455 4062 nominalibue
475 3997 643 4061 adiunctam
666 3995 838 4078 particulam
860 3993 1095 4077 haudquaquam
1119 4008 1238 4075 sempor
1261 3990 1322 4052 rim
1349 3989 1427 4053 ibam

255 4097 442 4164 indefinitam
462 4117 615 4172 exercerc,
641 4099 694 4162 sod
720 4119 863 4184 persaepe
882 4097 955 4161 nilril
975 4097 1052 4160 eliud
1073 4094 1132 4158 nisi
1151 4092 1346 4158 conexioncm
1364 4092 1427 4156 eius

255 4201 400 4275 vocabuli,
414 4203 462 4266 cui
476 4201 654 4285 adiungitur,
671 4219 740 4267 cum
761 4201 827 4265 aliis
841 4201 979 4265 indicare.
1008 4197 1120 4274 Quodsi
1135 4195 1363 4280 pronominibus
1377 4203 1429 4258 aut

256 4305 512 4389 pronominalibus
526 4324 581 4390 pro
596 4305 701 4389 copula
721 4304 899 4386 adiungitur,
920 4303 1029 4367 borum
1044 4319 1162 4384 quoquc
1177 4298 1353 4383 significatio
1368 4314 1429 4360 non

258 4408 414 4489 indednita
425 4417 481 4484 cst.
503 4410 556 4474 scd
571 4419 622 4474 aut
635 4409 757 4474 relativa
771 4419 822 4473 eut
833 4427 870 4472 cx
884 4405 1025 4472 relatione
1039 4405 1178 4478 dentata.
1199 4403 1292 4484 (volut
1311 4401 1337 4466 si
1351 4400 1430 4465 uti·

186 4543 193 4548 ·
264 4531 339 4598 quc
354 4511 462 4578 dicitur
475 4531 530 4598 pro
545 4524 580 4578 ot
593 4513 645 4579 uti
660 4532 728 4580 cum
742 4510 954 4598 significatione
967 4509 1046 4574 linali
1060 4513 1114 4576 aut
1128 4506 1282 4586 effectius.)
1307 4511 1360 4570 aut
1375 4502 1430 4569 (le-
