3166 4962
703 471 856 575 gej-

194 670 276 735 dium
292 667 484 754 pludmamm
496 666 664 748 linguarum
674 664 895 751 comparatione
907 665 1065 730 excitatum
1080 669 1111 730 et
1121 663 1255 730 adiutum
1268 663 1364 730 maio·

194 771 783 858 resprogressuslecit,etiomdiltlciliorts
791 772 963 836 huiusmodi
972 770 1159 854 quaestiones
1166 789 1226 835 non
1237 771 1364 854 amplius

195 879 339 944 declinare
354 877 467 950 decuitt
486 895 542 940 nec
556 895 648 960 pauca
664 877 694 940 in
710 879 767 942 boe
780 897 898 960 genere,
920 878 950 942 in
966 877 1074 961 quibus
1090 881 1202 939 volueres
1217 876 1364 942 caecutie-

194 983 275 1058 bant,
295 993 467 1047 nostrorum
490 981 725 1064 glossologorum
749 982 893 1046 industria
914 992 945 1045 et
964 980 1095 1045 sollertia
1118 981 1175 1044 iam
1197 979 1227 1042 in
1242 979 1364 1043 clariore

194 1087 259 1154 luce
280 1086 374 1170 posita
393 1091 424 1148 et
443 1086 530 1167 plane
549 1085 586 1148 ad
607 1085 750 1166 liquidum
773 1087 914 1167 perducta
936 1085 1081 1148 uidemus.
1119 1083 1186 1147 Non
1206 1083 1366 1146 deiucrunt

193 1189 291 1272 igitur,
306 1189 357 1271 qui
372 1188 459 1250 etiam
477 1187 564 1251 buius
579 1187 738 1268 particulae
755 1189 812 1250 uim
828 1199 859 1250 et
873 1198 1009 1252 naturam
1025 1189 1197 1270 indagarent
1212 1187 1366 1269 variasque

194 1293 258 1358 eius
277 1291 504 1372 significationes
523 1290 611 1352 altius
631 1299 663 1352 et
681 1289 718 1354 ab
741 1291 854 1370 origine
875 1299 1060 1374 repeterent:
1083 1308 1211 1372 quorum
1234 1290 1366 1354 uirorum

194 1395 324 1459 sollertia
339 1394 409 1476 quid
425 1394 521 1458 adbuc
535 1395 672 1456 ellectum
688 1393 737 1466 sit,
759 1393 867 1475 quidue
882 1393 969 1456 nubis
984 1401 1036 1456 aut
1050 1392 1249 1474 supplendum
1265 1392 1295 1455 in
1312 1413 1365 1456 eo·

194 1517 263 1564 rum
284 1497 530 1582 disputationibus
551 1496 712 1560 autetiam
733 1496 939 1578 corrigendum
960 1515 1027 1558 esse
1042 1495 1175 1566 uideatur
1190 1515 1366 1578 expromere

195 1601 332 1666 hocloco
347 1619 408 1664 non
423 1601 549 1664 alienum
565 1619 631 1663 esse
646 1619 813 1672 censorius,
834 1601 999 1682 eademque
1015 1617 1104 1680 opera
1120 1599 1207 1662 etiam
1224 1601 1367 1666 nonnulla

196 1723 313 1778 eorum,
335 1723 410 1786 quae
428 1703 542 1784 aliquot
561 1701 668 1765 ablrinc
690 1720 785 1765 annos
805 1701 923 1765 anobis
945 1702 1073 1766 breuiter
1091 1702 1252 1785 significata
1268 1703 1367 1786 potius

196 1827 286 1892 quam
301 1807 453 1890 explanata
468 1815 549 1882 sunt,
563 1805 661 1889 paullo
675 1805 842 1870 accuratius
857 1805 1050 1869 tractabimus
1065 1811 1126 1881 aut,
1141 1806 1167 1868 ai
1182 1827 1258 1890 opus
1269 1807 1367 1882 luerit,

196 1911 432 1976 retractabimus.

283 2012 417 2076 Primum
437 2011 525 2094 igitur
538 2019 656 2075 constat
674 2027 755 2074 nunc
769 2011 831 2074 lere
846 2009 924 2074 inter
937 2009 1016 2073 uiros
1031 2010 1218 2076 doctissimos
1234 2011 1368 2092 stirpem·

196 2115 355 2202 particulae
380 2131 442 2178 non
467 2115 612 2178 diuersam
638 2133 706 2177 esse
725 2114 761 2175 ab
785 2131 830 2185 ea,
855 2113 934 2175 unde
956 2131 1124 2195 pronomen
1148 2114 1244 2177 extitit
1259 2113 1360 2194 qui²l

198 2219 279 2304 quod
293 2237 386 2302 quum
402 2219 487 2298 uulgo
503 2216 665 2290 relatiuam,
680 2213 777 2278 addita
792 2224 892 2277 autom
908 2215 938 2277 in
954 2217 1012 2278 fine
1024 2216 1122 2278 littera
1136 2215 1270 2278 sibilante
1279 2217 1369 2280 etiam

197 2322 380 2387 indefinitam
403 2329 434 2384 et
454 2318 692 2400 interrogativum
713 2318 957 2400 significationem
978 2320 1093 2394 lrabeat,
1118 2319 1246 2383 dubitari
1268 2327 1369 2384 tamen

198 2425 245 2490 rix
260 2433 369 2508 potest,
385 2423 457 2508 quin
472 2421 610 2506 primitus
625 2421 890 2484 demonstrativum
907 2441 1026 2504 quoque
1041 2421 1141 2496 luerit,
1157 2423 1185 2484 id
1201 2423 1282 2506 quod
1299 2441 1370 2486 mox

197 2525 378 2610 argumentis
400 2523 634 2590 confirmabitur.
665 2523 832 2588 Commune
852 2525 1012 2608 particulae
1034 2545 1103 2588 eum
1124 2527 1302 2608 pronomine
1323 2534 1370 2590 est

197 2631 378 2696 elementum
399 2629 546 2712 gutturalc
567 2627 699 2694 admixto
720 2627 826 2702 labiali,
848 2630 928 2713 quod
950 2649 1043 2712 quum
1065 2629 1173 2712 ambigi
1189 2629 1293 2713 possit,
1314 2649 1370 2713 pro

197 2733 329 2798 rombus
348 2751 385 2796 ao
407 2751 462 2816 pro
482 2741 665 2796 consonante
687 2731 856 2796 babendum
879 2734 927 2808 sit,
948 2751 1009 2798 noo
1029 2733 1180 2797 immerito
1195 2733 1370 2798 semivocale

199 2835 314 2911 dicitur,
330 2853 483 2918 quumque
498 2836 671 2900 debiliorem
686 2855 794 2900 sonum
807 2837 938 2912 baberet,
954 2854 1169 2920 nonnunquam
1182 2837 1271 2900 etiam
1285 2837 1371 2919 plana

107 2957 110 2962 ·
198 2939 368 3003 delitescere
383 2947 413 3000 et
427 2939 573 3022 supprimi
589 2940 696 3022 potuit,
712 2940 965 3023 quemadmodum
982 2941 1013 3004 in
1025 2939 1239 3003 recentioribus
1255 2941 1370 3022 linguae

198 3041 304 3106 latinae
325 3039 450 3116 filiabus,
475 3041 555 3105 uelut
574 3041 606 3106 in
620 3043 721 3125 gallica
736 3051 767 3106 et
782 3043 878 3106 italica
892 3043 1004 3107 lactum
1021 3043 1170 3106 uidemus:
1200 3061 1270 3105 narn
1287 3042 1371 3121 Galli,

198 3162 292 3228 quum
308 3143 436 3207 scribant
455 3143 534 3226 qui,
555 3163 639 3226 que,
661 3145 856 3227 pronuntiant
870 3155 971 3208 tamen
986 3144 1035 3218 lai,
1055 3144 1116 3218 ke,
1137 3143 1202 3208 ltali
1218 3154 1316 3208 autem
1333 3161 1371 3207 no

197 3247 332 3310 scribunt
355 3245 477 3328 quidem
506 3247 587 3329 quod
614 3267 677 3312 non
702 3249 909 3332 pronuntiant,
928 3249 982 3313 sed
1007 3247 1068 3312 cbi
1094 3255 1125 3311 et
1152 3249 1237 3322 clue,
1264 3248 1371 3311 eodem

199 3367 260 3433 quo
290 3349 391 3431 gallica
417 3349 471 3412 ista
497 3366 583 3412 sono.
623 3350 710 3433 lqoud
737 3361 851 3414 veteres
881 3359 981 3415 autem
1014 3369 1208 3433 suppressum
1239 3349 1372 3414 elemen-

198 3461 265 3516 tum
281 3451 351 3516 illud
367 3451 470 3516 labiale
492 3459 641 3516 testantur
655 3471 718 3516 non
733 3455 824 3518 modo
839 3455 971 3537 exempla
988 3455 1131 3536 quaedam
1146 3452 1370 3526 uocabulorum,

198 3543 350 3638 inquibus
365 3555 457 3619 modo
472 3573 517 3638 qu
531 3557 623 3620 ruodo
634 3563 735 3620 autem
749 3576 767 3620 e
780 3557 928 3634 scribitur,
944 3567 977 3621 ut
988 3555 1127 3620 cotidie
1142 3565 1172 3618 et
1186 3555 1372 3638 quotidie,
1394 3631 1397 3639 Ι

199 3665 360 3724 cocuaet
375 3676 537 3740 coquus,
564 3659 698 3732 Quotta
712 3668 743 3723 et
757 3660 883 3734 Cotta,
907 3659 1212 3740 alicoetaliquo,
1238 3659 1373 3724 coadet

199 3760 336 3842 quoad,
351 3779 433 3825 eum
447 3767 479 3825 et
492 3763 651 3844 quumi),
672 3761 725 3824 sed
740 3761 828 3825 etiam
844 3779 900 3844 pro
915 3761 1057 3845 particula
1072 3778 1143 3844 que
1156 3778 1371 3843 nonnunquam

208 3859 412 3876 -ι--ιιι

223 3971 226 3976 ,
270 3913 296 3978 2)
314 3911 377 3966 lllud
398 3912 466 3968 iere
486 3914 625 3967 addendum
645 3913 695 3968 luit
715 3922 821 3984 propter·
839 3913 953 3980 Pottom,
973 3913 1058 3967 vlruaa
1080 3913 1262 3978 doctissimum,
1283 3915 1325 3984 qai
1345 3914 1371 3968 la

201 3997 318 4068 Quaestt.
332 3999 438 4070 etymol.
450 4001 489 4053 ed.
502 3997 548 4053 alt.
561 4009 620 4053 ton.
633 3999 653 4053 ll
667 4019 690 4070 p.
703 4001 749 4054 tut
770 4017 825 4070 que
838 4019 886 4055 ooo
899 4002 930 4054 ab
942 4002 989 4054 bae
1001 3999 1083 4068 stirpe
1095 3999 1280 4066 pronominall,
1297 4003 1343 4054 sed
1356 4017 1371 4055 a

202 4083 301 4138 verbali
317 4087 422 4154 quadam
435 4087 517 4155 repeti
529 4084 635 4151 mavult,
647 4101 710 4155 quae
722 4087 759 4140 sit
770 4087 797 4140 ia
809 4085 895 4154 lingna
907 4087 1036 4139 canses-ita
1048 4088 1089 4150 di,
1101 4093 1128 4139 et
1141 4086 1278 4154 colligendi
1290 4087 1371 4153 algol·

203 4169 344 4224 beatianam
365 4173 465 4225 babeat.
490 4170 600 4226 indidem
620 4188 737 4240 pueram
759 4173 961 4226 coniunctionem
978 4175 1027 4226 sot
1042 4171 1197 4239 llartuagos,
1214 4173 1246 4225 da
1257 4173 1370 4242 portici

201 4271 227 4326 p.
242 4255 299 4325 tac,
311 4260 414 4324 repetit,
426 4273 571 4327 quamquam
590 4259 613 4312 is
624 4259 656 4312 do
668 4259 764 4314 latinas
777 4268 859 4313 tamon
872 4275 928 4328 que
941 4275 997 4312 cunr
1010 4274 1082 4326 prou.
1094 4259 1145 4327 qai
1158 4259 1309 4324 cognatione
1322 4275 1371 4312 noo
1388 4295 1402 4318 ..

204 4341 313 4408 dabitat,
324 4357 349 4412 p.
361 4343 405 4410 tu,
418 4344 527 4412 itemque
539 4361 647 4412 graecae
660 4347 697 4408 ad,
718 4361 791 4416 quam
806 4345 896 4398 l'ottus
911 4345 943 4398 ad
956 4345 1060 4398 eandem
1073 4345 1149 4398 trun
1160 4346 1268 4416 stirpem
1279 4345 1371 4400 uerba·

204 4424 257 4480 tau
268 4428 410 4494 mussavit,
422 4429 519 4482 muas
532 4431 729 4497 preosnlaalera
741 4431 846 4500 atlrpen
859 4446 917 4484 maa
929 4430 1026 4484 iudicat
1038 4447 1063 4500 p.
1075 4431 1118 4484 dl.
1412 4493 1415 4498 ¹

273 4512 299 4580 3)
316 4509 375 4566 vu.
390 4527 454 4581 qaas
471 4524 656 4582 cooperuerat
666 4515 695 4568 C.
708 4515 736 4569 L.
750 4515 890 4570 Schneider
901 4531 941 4581 gr.
953 4513 1020 4568 taut
1033 4513 1270 4582 (Elementarlobrs)
1283 4531 1307 4584 p.
1319 4515 1371 4569 3³5
