3186 4968
648 399 791 510 „uu

142 595 240 660 distat
275 595 367 662 biuito
401 597 580 684 probabilius
604 609 648 664 est
672 593 737 679 ἔχει
763 592 861 663 δόλον
882 591 996 681 τδχνσν
1017 589 1053 663 δ’
1074 591 1094 666 o‘
1118 600 1213 680 uoip:
1235 619 1324 664 nam·

141 699 214 764 baso
226 701 287 768 duo
301 702 439 768 tumbula
453 695 536 786 τδχεε
549 712 579 768 et
593 699 691 784 τίχνα
705 721 793 788 qoam
809 704 892 768 boile
907 723 923 768 a
940 704 1063 770 iibrariia
1076 707 1237 792 permutari
1249 725 1304 792 po·

142 805 253 872 tuerint
266 807 297 872 io
312 815 414 893 aperto
428 817 483 884 est,
500 815 725 894 psmnutatauue
745 817 815 874 suut
831 809 919 874 etiam
939 809 1002 874 aiiia
1016 810 1088 874 iocis
1112 829 1172 874 non
1192 809 1304 896 paucis.

141 929 269 994 quorum
285 929 390 984 uuum.
413 911 546 996 besobpi.
568 915 668 996 epam.
684 933 709 976 ι.
730 913 821 986 1118,
842 907 1026 998 δολοφόνου
1048 909 1185 1000 λε’ρίρτος
1205 908 1306 993 enixos

140 1029 197 1078 σοι
220 1009 312 1098 λέγω,
328 1033 423 1099 nuper
437 1015 559 1080 demum
571 1017 693 1081 Weitius
705 1017 841 1080 correxit
870 1011 982 1081 Adios
1003 1009 1171 1096 ripenses
1192 1016 1303 1082 dietum

142 1126 186 1181 eat
199 1108 302 1203 peris
324 1113 383 1182 ded
406 1115 507 1192 denir,
531 1129 564 1184 ut
584 1121 710 1184 techniei
733 1131 853 1192 rocam,
873 1139 927 1204 pro
948 1114 1061 1184 δολίαν
1080 1113 1204 1205 τέχνην.
1225 1121 1303 1203 quod

141 1219 228 1302 subpo
244 1221 301 1286 dioi
315 1221 399 1298 solet,
414 1230 553 1306 extatque
564 1243 590 1287 e.
607 1243 632 1288 n
649 1224 679 1288 iu
694 1223 848 1306 theogonis
863 1223 1006 1288 Hesiodea
1022 1241 1048 1286 ν.
1067 1223 1136 1288 160.
1154 1224 1226 1288 otu.
1242 1223 1305 1286 ut't

141 1332 171 1388 et
185 1325 253 1389 aiibi
267 1323 393 1412 saepius.
410 1360 451 1372 —
467 1325 524 1390 Sed
541 1325 629 1392 otiam
646 1326 675 1391 iu
691 1329 826 1414 proximo
842 1346 928 1393 uersu
944 1318 1052 1390 ditem
1067 1327 1112 1392 sit
1135 1345 1234 1390 serum
1250 1336 1304 1389 est

142 1427 242 1514 Neque
257 1429 336 1495 enim
352 1431 512 1516 praecessit
531 1431 656 1516 aliquid,
677 1433 724 1498 cui
745 1433 801 1498 boo
822 1423 929 1498 didius
951 1433 1061 1519 opponi
1082 1433 1205 1504 dicatur,
1225 1431 1306 1505 etsi

143 1534 209 1617 quis
225 1534 310 1598 tacite
324 1544 375 1600 aut
390 1535 529 1600 Creusam
550 1546 601 1601 aut
620 1537 864 1602 iireebtbisiamm
886 1537 1008 1624 stirpem
1028 1535 1205 1618 subintelligi
1226 1536 1304 1606 velit.

143 1638 200 1700 boo
215 1637 345 1720 quidem.
361 1639 417 1704 aiio
430 1641 571 1722 sauguine
586 1661 711 1726 puerum
723 1649 853 1708 creatum
869 1662 944 1716 esse.
960 1661 1052 1726 quum
1064 1641 1156 1706 euisis
1170 1653 1305 1726 apertum

142 1749 230 1812 esset.
246 1739 291 1804 six
308 1759 383 1826 opus
397 1749 460 1806 erat
476 1761 555 1807 uuno
569 1745 806 1822 mmmemorari,
822 1765 917 1830 neque
940 1755 1079 1828 tanquam
1102 1743 1306 1826 pravissimum

142 1853 172 1908 et
183 1843 310 1908 masinae
325 1843 535 1928 indignandum
551 1845 658 1910 ostoiii.
674 1847 759 1920 Nom,
775 1861 808 1914 ut
823 1850 921 1936 pauiio
936 1857 1014 1935 post.
1030 1867 1055 1910 r.
1072 1846 1145 1922 839,
1160 1847 1306 1933 paedago-

143 1963 212 2028 gum
228 1965 331 2011 senem
347 1949 535 2032 profitentem
556 1951 703 2026 audimus,
723 1944 853 2016 rateto
875 1949 936 2036 γὰρ
959 1940 996 2038 ἦν
1017 1940 1059 2013 ἃν
1076 1946 1116 2014 ssi
1138 1942 1256 2024 suada,
1277 1941 1308 2012 si

143 2040 222 2132 παρ’
244 2041 393 2132 ιε’·γενοῦς
412 2049 536 2138 μρτρδς
559 2045 702 2144 εἶσρὶειιδ
731 2047 859 2133 oinos-p:
884 2057 969 2140 ionpe
998 2055 1113 2138 prorius
1141 2061 1256 2128 autem,
1282 2052 1309 2119 ai

143 2154 256 2220 alienus
271 2155 318 2219 iiie
333 2175 407 2244 puer
422 2175 458 2221 ne
473 2180 508 2224 er
525 2160 617 2224 nobiii
632 2160 751 2244 quidem
767 2171 818 2224 sut
831 2161 935 2224 saitem
951 2159 1075 2242 ingenua
1091 2163 1195 2232 matre,
1206 2157 1258 2222 sed
1272 2177 1308 2223 ex

143 2259 245 2324 sucida
260 2261 397 2348 quapiam
414 2273 584 2349 procreatus
604 2273 696 2338 esset.
716 2263 969 2348 quemadmodum
990 2261 1068 2328 idern
1088 2281 1176 2326 senes
1198 2281 1225 2324 s.
1247 2261 1309 2325 819

143 2363 324 2446 suspicatur:
340 2361 453 2447 λαβὼν
473 2361 512 2430 δι’
534 2363 636 2430 δοῦλα
658 2361 775 2448 λέκτρα
797 2359 987 2454 νεμρνεδσος
1007 2359 1120 2450 io'dpo
1141 2361 1200 2428 τδν
1214 2354 1310 2428 παῖδ’

144 2453 273 2550 ἔφυσεν,
296 2477 326 2531 et
346 2487 372 2532 s.
396 2467 474 2532 8³7:
499 2459 646 2555 ἀμήτορ’.
669 2465 903 2557 ἀναρίθμητον,
927 2465 963 2534 ix
990 2463 1110 2554 δοδλρς
1135 2461 1227 2544 stede
1254 2487 1309 2549 νυ·

144 2559 268 2644 rosade.
291 2569 329 2634 Et
344 2587 415 2636 saue
430 2571 600 2636 huiusmodi
614 2573 744 2660 suspicio
758 2583 818 2636 tam
834 2573 863 2636 in
879 2581 1020 2659 promptu
1035 2576 1099 2636 erat
1112 2580 1233 2654 umque
1248 2568 1310 2634 reri
1432 2651 1442 2666 ·

144 2667 407 2743 orationessunt
422 2673 514 2738 oboro
529 2673 559 2738 iu
575 2685 706 2740 mentem
722 2675 820 2740 venire
840 2675 977 2740 debuisse
997 2675 1138 2740 rideatur.
1169 2671 1310 2736 Scriben-

144 2768 215 2833 dum
232 2771 322 2854 ipitur
332 2774 442 2840 suadeo
457 2769 587 2840 δοδλοιν
607 2773 745 2865 τραφείς
766 2769 826 2862 o’p’
848 2769 1007 2860 oipdsue.

230 2873 262 2936 V.
279 2875 342 2941 65³
357 2878 471 2943 codices
487 2877 598 2944 babent
613 2879 720 2946 uruat
740 2871 773 2944 δ’
790 2873 888 2946 δ’σοι·
901 2875 980 2965 πρὶν
991 2867 1136 2960 γενέθλι’
1151 2867 1209 2938 oda
1225 2867 1309 2939 idi·

145 2990 258 3054 σαμεν.
287 2977 357 3044 biihi
379 3000 433 3066 pro
449 2973 556 3046 adeat
577 2972 614 3044 δ’
627 2982 736 3046 rectius
761 2974 870 3059 δδσος
891 2980 1079 3046 scribendum
1100 2997 1166 3043 ease
1187 2979 1311 3042 videtur.

144 3075 208 3140 iioo
221 3079 301 3142 enim
317 3081 450 3148 Xuthum
466 3083 563 3148 dicere
576 3081 713 3149 debuisse
728 3083 863 3159 arbitror,
871 3085 952 3150 ‘velie
966 3103 998 3148 se
1010 3083 1177 3148 communis
1191 3099 1311 3146 mensae

145 3175 262 3244 initium
295 3181 391 3248 iacere
416 3185 540 3268 (κοινῆς
562 3179 726 3270 τραπέζης
747 3175 929 3266 ἄρξασθαι)
948 3187 985 3250 ad
1007 3187 1127 3272 epulum
1152 3201 1313 3249 commone

144 3284 370 3350 aooumbeutem
387 3288 513 3372 peractis
528 3297 611 3352 antea
634 3278 725 3352 saeris
750 3288 800 3352 dlii
821 3289 971 3354 nataliciis.
1001 3289 1131 3354 Dubitari
1152 3289 1231 3352 enim
1252 3303 1313 3352 noo

107 3377 115 3390 '
146 3393 252 3466 potest,
269 3389 342 3472 quin
357 3397 425 3476 post
440 3399 556 3476 peraeto
571 3391 692 3456 dentum
712 3410 794 3456 soora
815 3392 861 3456 iiio
882 3393 919 3457 ad
939 3391 1118 3480 epulandum
1139 3393 1313 3458 recumbere

146 3487 270 3554 eoiuerit
284 3499 314 3554 et
328 3491 466 3577 potuerit,
482 3491 570 3576 idque
591 3503 670 3558 reete
689 3494 901 3576 significabitur
921 3513 974 3581 per
992 3495 1178 3582 participium
1195 3487 1313 3571 δδσος,

145 3589 289 3673 superiori
310 3585 421 3656 ετισιδν
440 3593 683 3658 subordinatum:
706 3599 823 3680 qualern
844 3597 1114 3663 subordinationem
1134 3601 1165 3662 in
1184 3597 1313 3662 duonum

145 3690 370 3779 perticipiomm
385 3695 601 3778 compositione
614 3696 884 3781 frequentissimam
900 3719 966 3764 esse
977 3717 1067 3765 nemo
1078 3701 1183 3765 nescit
1202 3698 1238 3764 io
1248 3699 1311 3764 eot-

146 3801 213 3876 pats
227 3795 353 3860 leotioue
368 3797 544 3862 saeridoium
560 3807 628 3884 post
642 3798 765 3884 epulum
779 3801 863 3884 sequi
879 3801 1013 3867 debuisse
1029 3803 1183 3868 videbitur.
1235 3828 1237 3834 ’

233 3895 373 3962 Eiusdem
384 3897 499 3964 iabulae
512 3921 540 3964 τ.
553 3899 616 3964 'idd
628 3901 718 3983 (756)
729 3901 855 3969 Cmusae
862 3904 1061 3992 paedagogum
1074 3924 1177 3970 senem
1189 3913 1220 3970 et
1229 3921 1315 3990 aspre

147 3996 256 4063 ettsom
271 4000 432 4066 enitentem
448 4001 542 4070 baeou
557 4005 665 4070 auxilio
679 4005 725 4071 uti
738 4006 867 4072 iubentis
882 4008 954 4074 baec
968 4009 1056 4076 serbo
1071 4009 1213 4095 tegimus:

349 4097 482 4192 βάκτρῳ
504 4097 536 4170 δ’
556 4099 687 4192 δρτίδον
708 4111 877 4198 περιφερῆ
897 4111 1013 4195 στίβον
1032 4108 1171 4195 χθονός,

148 4203 179 4269 iu
193 4203 302 4288 quibua
320 4205 436 4274 etiamsi
456 4209 523 4294 ptris
543 4211 741 4276 aomrsatirum
762 4204 878 4294 στίβον
895 4233 965 4280 eum
984 4217 1073 4281 serbo
1093 4209 1223 4302 δρείδον
1242 4234 1319 4283 ooo·

148 4311 296 4374 structum
310 4309 355 4374 sio
368 4311 494 4378 tortuse
509 4321 641 4388 tueatur.
657 4321 692 4380 ut
711 4331 765 4402 pes
784 4317 933 4398 quandum
953 4317 1170 4404 bmebptopians
1188 4311 1319 4406 ίρτίδον

149 4407 261 4475 treton
277 4429 342 4479 esee
356 4423 467 4484 sutuat
480 4435 536 4504 pro
550 4433 597 4490 eo.
612 4415 692 4500 quod
706 4418 823 4506 plenius
838 4417 996 4486 dieeodom
1012 4430 1092 4488 esset
1110 4413 1321 4508 ἐρειδόμενος

1058 4518 1115 4583 id·
