3186 4968
723 466 871 568 Q

287 658 326 724 ln
341 659 470 724 &susac
483 673 641 742 ιιιροιιιο,
656 674 683 722 ι.
700 655 772 734 276,

408 755 555 827 τοιαῦτα
576 749 801 844 ιιιιῗτιχιΐιμιι,
823 743 850 823 ὦ
871 749 942 837 ξέν’,
964 749 1004 822 ori
1026 753 1124 842 erige,

197 865 336 932 notanda
350 873 399 932 est
412 865 456 930 ris
470 865 689 930 coniunctionis
704 865 770 942 aet,
786 881 875 947 quam
891 862 942 946 qui
957 861 1183 928 asseverativum
1204 865 1324 945 dieunt,
1347 881 1381 935 ut

198 970 240 1036 sit
252 989 352 1047 rere.
368 978 485 1045 certe,
500 977 595 1034 nostr.
608 969 659 1052 ja,
674 969 754 1032 reiut
768 966 935 1032 lloederlin.
949 965 985 1030 ad
997 967 1090 1050 Sepla.
1102 966 1175 1031 Ocd.
1187 968 1249 1034 Col.
1260 989 1290 1054 p.
1307 972 1380 1049 266,

198 1073 336 1138 Ellendt.
353 1072 423 1138 lex.
439 1072 533 1158 Sepla.
549 1072 562 1136 Ι
576 1091 605 1155 ρ.
618 1070 692 1146 689,
709 1089 772 1136 non
785 1070 927 1135 lalluntur
942 1069 1079 1152 quidem,
1093 1071 1146 1135 sed
1160 1072 1269 1137 addere
1290 1073 1381 1140 dehe-

199 1177 287 1254 hant,
302 1195 399 1262 genus
412 1178 472 1242 hoc
485 1174 709 1241 asseverationis
725 1192 843 1259 semper
858 1174 889 1238 in
903 1193 940 1239 co
955 1181 1106 1251 censure,
1122 1184 1157 1240 ut
1171 1175 1207 1241 iis
1222 1195 1298 1261 quae
1313 1189 1383 1246 ante

199 1281 302 1358 dicta,
329 1289 382 1346 aut
401 1297 619 1364 nonnunquam
639 1295 677 1343 ne
696 1277 773 1343 dieta
794 1278 915 1362 quidem
935 1277 1044 1342 diserte
1065 1277 1117 1343 sed
1138 1279 1383 1367 subintelligenda

199 1392 286 1462 sunt,
302 1385 414 1469 aliquid
428 1393 571 1468 tanquam
585 1382 778 1448 coniunctum
793 1381 928 1455 addatur,
943 1387 978 1444 ιιι
992 1379 1049 1446 hoc
1063 1381 1145 1460 loeo,
1165 1404 1260 1469 quum
1281 1386 1335 1452 lon
1349 1407 1383 1454 se

199 1487 341 1554 rcnmari
356 1488 482 1554 (Ξιιιιιιι
497 1485 682 1552 nobilitatem
701 1483 823 1562 dixerit,
842 1484 891 1550 illa
908 1502 973 1549 sese
993 1485 1084 1552 etiam
1103 1485 1218 1554 heatam
1238 1489 1383 1558 hactenus

201 1611 273 1658 esee
287 1593 455 1678 profitetur.
485 1591 575 1656 llecte
590 1609 654 1656 rem
669 1589 842 1674 signiticarit
857 1589 1048 1654 liacumlinus
1060 1590 1097 1656 dc
1111 1593 1214 1676 ριιιιι.
1230 1613 1260 1678 ρ.
1282 1596 1352 1662 162.

292 1695 362 1760 llos
376 1715 403 1760 r.
419 1695 482 1758 272
498 1693 602 1759 lenem
616 1693 652 1758 de
666 1703 751 1777 patre
765 1693 892 1756 Creusae
902 1695 1089 1758 cunctantius
1099 1695 1225 1762 tortam
1237 1717 1384 1782 quaeren-

202 1803 269 1865 tem
284 1798 334 1864 illa
348 1807 383 1864 ut
397 1799 489 1863 lihere
505 1797 575 1881 qnid
592 1797 659 1860 relit
674 1796 816 1862 sciscitari
831 1805 934 1879 pergat
946 1795 1098 1861 hortatur:

412 1899 447 1964 ιι
466 1891 563 1985 χρῆμ’
591 1885 771 1985 detonderi
794 1889 866 1976 ξέν’,
889 1891 1051 1979 lanensis
1071 1893 1198 1978 θέλωιι

205 2003 260 2070 Sic
269 2003 364 2078 enirn,
379 1999 500 2078 dites,
514 2019 575 2065 non
590 2002 654 2065 sine
665 2019 753 2065 causa
769 2000 955 2066 lladhanrum
969 2001 1122 2083 scripsisse
1137 2020 1253 2068 censeo.
1283 2005 1318 2068 ln
1332 2023 1384 2070 co·

204 2105 325 2170 dicihus
339 2111 386 2168 est
400 2097 503 2179 etin,
517 2103 687 2186 planissima
703 2102 832 2184 quidem,
848 2103 910 2177 sed,
926 2109 961 2168 ut
971 2103 1108 2180 arbitror,
1124 2105 1224 2169 minus
1235 2113 1303 2190 apta
1314 2125 1385 2172 sen·

204 2207 314 2282 tenda,
324 2205 472 2288 siquidem
483 2196 646 2284 ἐιιμαιιῖι
654 2203 751 2268 multo
762 2205 872 2269 ιιι6ιι
883 2206 920 2269 de
931 2224 967 2269 co
978 2205 1035 2270 dici
1047 2206 1171 2282 ridetur,
1178 2209 1229 2290 qui
1241 2210 1278 2273 de
1288 2211 1386 2294 aliqua

206 2329 242 2375 rc
255 2329 292 2374 ιι
310 2307 427 2372 edoceri
441 2307 551 2389 capiat,
566 2325 655 2388 quarn
670 2305 708 2369 de
723 2325 769 2382 eo,
783 2308 836 2390 qui
852 2308 924 2371 nihil
939 2308 996 2372 nisi
1010 2317 1147 2392 paratum
1159 2313 1191 2373 se
1203 2331 1269 2376 esse
1280 2321 1385 2377 osten·

207 2413 263 2478 dat
276 2411 315 2476 ad
327 2408 570 2493 respondendum
594 2408 673 2492 quod
696 2409 771 2474 alter
792 2409 1026 2493 interrogaverit.
1042 2411 1266 2497 -interrogat
1284 2423 1386 2480 autem

207 2515 265 2581 lon
279 2514 411 2600 primum
427 2511 465 2576 de
478 2513 579 2596 proavi
595 2512 721 2577 creusae
737 2521 815 2591 ortu,
832 2533 857 2578 r.
874 2513 955 2578 279:

415 2607 453 2680 le
475 2615 534 2700 γῆς
554 2609 685 2698 πατρός
705 2633 767 2680 σου
789 2609 957 2701 πρόγονος
978 2609 1137 2700 idicem
1158 2615 1289 2707 παιὴρς

210 2723 332 2789 Palrem
348 2719 475 2786 Creusae
490 2719 689 2784 Erechtheum
704 2717 797 2783 luisse
812 2720 874 2804 ipsa
886 2739 912 2785 ι.
926 2721 988 2784 272
1001 2729 1163 2806 aperuerat.
1186 2723 1387 2792 Erechtheum

210 2834 316 2890 autent
330 2822 469 2889 iahularis
484 2821 619 2900 historie,
634 2839 723 2906 quarn
740 2821 895 2907 Euripides
910 2823 940 2889 in
955 2823 1012 2890 hae
1026 2827 1175 2910 tragoedia
1195 2838 1316 2895 secutus
1331 2839 1387 2908 ιιι,

212 2929 310 2994 lilium
324 2927 396 2993 iecit
408 2925 584 3003 Pandionis,
605 2935 744 3010 nepotem
765 2927 948 2992 Erichthonii
966 2937 1045 2995 terra
1065 2931 1136 2996 editi
1151 2951 1187 2997 es
1203 2931 1324 2998 Vulcani
1338 2955 1388 3000 se·

213 3033 297 3098 mine
322 3033 426 3096 edem.
460 3029 596 3114 spelled.
624 3030 674 3106 lli,
703 3033 752 3107 14,
772 3031 792 3096 6
812 3051 878 3114 sqq.
906 3031 959 3096 Est
978 3033 1067 3116 igilur
1089 3031 1255 3119 πρόγονος
1276 3031 1389 3125 πατήρ

214 3137 248 3201 h
262 3135 281 3200 l.
293 3135 373 3201 idern
384 3135 435 3219 qui
449 3128 678 3218 πατροπάτωρ
700 3153 724 3198 ι.
749 3127 906 3211 πάππος.
943 3136 1021 3201 Alias
1037 3131 1200 3222 πρόγονος
1220 3139 1389 3206 indelinitae

216 3239 438 3324 significationis
453 3246 508 3313 est,
524 3237 690 3322 diciturque
705 3237 794 3301 etiam
809 3237 846 3302 de
860 3239 906 3303 ari
920 3247 1014 3322 patre,
1030 3237 1246 3329 προπάππῳ,
1262 3252 1297 3308 ut
1310 3245 1388 3328 apud

216 3341 451 3408 Demosthenem
464 3338 625 3404 inhlaeart.
649 3357 678 3422 ρ.
703 3340 800 3416 1656,
822 3350 854 3406 ιι
873 3341 980 3426 plurali
998 3342 1189 3426 potissimum
1210 3363 1337 3412 nurnero
1352 3348 1390 3413 de

217 3443 382 3510 maioribus
396 3441 543 3508 universe.
575 3443 676 3507 Verius
692 3451 793 3507 autern
805 3443 842 3507 de
862 3443 1054 3510 Erichthonio
1069 3453 1099 3509 ιι
1113 3445 1281 3513 Erechtheo
1302 3449 1392 3516 lalu-

195 3619 198 3624 .
216 3547 261 3612 las
274 3545 435 3612 admodum
450 3543 532 3609 inter
547 3564 579 3609 ιι
593 3545 769 3610 dissidentes
784 3553 816 3610 et
829 3565 845 3610 a
858 3547 1007 3613 veteribus
1022 3549 1201 3634 mythologie
1222 3551 1286 3616 aliis
1307 3552 1394 3618 aliter

217 3649 410 3714 concinnatae
424 3653 455 3712 et
469 3645 500 3712 in
514 3648 664 3731 quandam
681 3648 823 3714 historiae
837 3651 969 3734 speeiem
984 3652 1143 3718 adornatas
1158 3655 1324 3720 aoeuntius
1338 3675 1393 3721 es·

218 3759 320 3817 mttere
334 3751 372 3816 ah
386 3751 474 3816 huius
487 3750 657 3834 scriptionis
672 3752 796 3817 consilio
810 3753 939 3818 ahenum
962 3763 1018 3820 est.
1047 3755 1089 3822 lle
1104 3756 1189 3822 omni
1207 3757 1267 3823 hoc
1286 3775 1393 3840 genere

219 3853 372 3938 ριιοιιιοάι
386 3853 577 3919 statuendum
591 3855 631 3919 sit
645 3855 749 3919 monui
764 3854 796 3919 in
816 3855 925 3939 Opusc
941 3857 1021 3923 iead.
1038 3859 1051 3923 l
1065 3878 1095 3942 p.
1112 3858 1304 3925 tau-att.

304 3955 532 4022 Erkhthnnium
547 3957 635 4040 igitur
648 3965 727 4022 terra
742 3957 856 4024 editum
870 3978 979 4026 verene
991 3959 1122 4028 Minerva
1135 3961 1290 4028 sustulerit
1299 3981 1393 4048 quas-

220 4057 299 4124 rend
311 4058 377 4124 leni
390 4060 500 4125 (ἕιιιιιι
514 4079 541 4124 ι.
557 4057 620 4124 282
634 4061 811 4144 ιιιροιιιιιιι

426 4152 474 4240 εἷς
495 4155 687 4246 παρθένοις
708 4181 745 4246 γι
764 4161 884 4248 gainae,
907 4159 948 4231 eti
967 4160 1108 4232 suomet
1129 4188 1190 4234 rer.

222 4259 325 4343 ltaque
348 4279 422 4337 rem,
450 4265 489 4330 de
507 4265 633 4348 mavilo
662 4266 868 4350 quamirerat'
881 4269 926 4334 sic
954 4289 987 4335 se
1008 4270 1119 4338 hellue
1139 4271 1292 4338 aldrmsns
1311 4273 1394 4340 addit

225 4361 316 4428 simul
329 4363 438 4448 aliquid
451 4366 642 4435 accumtimis
657 4368 886 4451 designationis:
906 4373 937 4437 in
956 4389 1018 4454 quo
1037 4390 1145 4456 genere
1163 4374 1393 4460 responsionum
1509 4395 1512 4401 ·

227 4463 367 4548 sgitlnns
380 4473 426 4533 ιιι
439 4469 601 4554 metulae
615 4465 654 4556 γι
667 4489 759 4550 usus.
779 4473 866 4539 cuius
880 4473 1051 4560 exemplum
1065 4473 1156 4542 eliani
1171 4477 1203 4544 in
1216 4495 1246 4543 r.
1261 4475 1326 4546 266
1336 4485 1392 4557 ιιι,
