3266 4958
148 651 219 725 «Ἢ
240 653 326 748 idm
345 655 464 749 qap
483 655 706 750 deopdpopm,
728 657 751 750 i'
769 655 986 746 p’tamtm,

234 759 340 830 κλαίω
362 757 392 830 d'
414 757 575 849 ἀργαλέω
596 769 699 852 γῆρας
719 757 948 850 ἐπερχόμενον.

48 865 147 932 Etiam
160 867 193 931 in
206 887 235 932 ν.
249 869 323 946 767,
337 869 388 934 ubi
402 879 541 954 predatur
554 881 642 956 poeta
655 880 690 936 nt
703 872 760 934 sbi
773 873 924 956 oontingat

334 967 441 1050 κακὰς
461 963 533 1038 ἀπὸ
555 971 657 1060 κῆρας
677 966 814 1054 ἀμύνειν

151 1066 256 1159 γῆράς
275 1065 304 1140 a'
325 1066 502 1157 οὐλόμενον
522 1072 579 1141 καὶ
599 1069 767 1140 θανάτοιο
787 1069 892 1153 τέλος,

49 1175 175 1240 senioris
193 1186 245 1241 ant
262 1187 342 1243 oerte
361 1181 544 1244 aenmoentia
564 1187 667 1243 votum
691 1179 888 1262 agnoscimus.
931 1178 1097 1242 Gobaerent
1115 1187 1216 1244 antem

49 1277 81 1340 bi
101 1297 204 1342 verens
222 1282 370 1346 munima
390 1301 459 1346 mm
481 1283 725 1366 praecedentibus
743 1302 771 1346 ν.
791 1282 854 1346 763
873 1301 935 1366 aq..
956 1281 1009 1365 qni
1032 1281 1217 1346 imminentia

49 1380 118 1444 beili
131 1381 287 1448 diodorum
300 1385 484 1450 mentionem
499 1386 618 1462 babent,

151 1477 302 1567 πίνωμεν
321 1486 474 1570 χαρίεντα
493 1479 562 1568 μετ’
586 1479 764 1572 ἀλλήλοισι
784 1481 941 1572 λέγοντες.

237 1583 342 1672 μηδὲν
361 1584 421 1653 τόν
441 1583 574 1675 Μήδων
595 1583 762 1665 eododem
781 1583 941 1669 πόλιμον,

51 1689 244 1772 eiusdemque
257 1690 326 1755 belii
338 1691 504 1774 perieulum
518 1691 690 1774 impendere
703 1691 793 1756 etiam
804 1711 832 1756 ν.
844 1691 907 1754 775
918 1690 1037 1766 mutat,
1051 1689 1103 1756 nbi
1113 1689 1218 1774 apoto

52 1790 214 1868 invocatur,

153 1887 256 1974 αὐτὰς
277 1891 315 1962 δὲ
336 1889 479 1980 στρατὸν
499 1887 657 1982 dppmqv
677 1889 812 1981 Μήδων
833 1887 979 1982 ἀπέρω

238 1995 342 2084 τῆσδε
363 1993 488 2076 no'lmg
499 2033 552 2062 -.

53 2102 166 2182 instare
187 2111 288 2167 autem
309 2103 340 2166 id
361 2102 526 2184 periodum
546 2103 711 2168 oertimime
732 2101 895 2186 praevideri
916 2109 1032 2184 poterat
1052 2101 1120 2165 inde
1133 2101 1172 2165 ab
1184 2119 1221 2164 eo

55 2211 199 2288 tempore,
215 2223 310 2287 quum
332 2205 540 2269 caduceatorea
554 2225 571 2268 a
585 2205 673 2269 Dario
694 2205 726 2268 in
740 2205 893 2269 Graeciam
914 2204 997 2267 missi
1019 2215 1091 2268 aunt
1111 2213 1221 2269 tertam

53 2316 85 2371 et
98 2327 206 2390 aquam
221 2307 415 2390 postulantes,
428 2307 663 2388 negantibusque
676 2307 786 2370 betium
801 2307 1017 2382 denuntiantes,
1033 2308 1064 2370 b.
1077 2329 1105 2370 e.
1120 2308 1160 2370 ob
1172 2307 1223 2378 ta.

55 2409 86 2470 7.
101 2430 128 2474 a.
142 2411 211 2472 Gbr.
227 2410 307 2485 4913
328 2419 360 2472 et
375 2417 444 2472 ante
458 2427 588 2492 pugnarn
602 2409 816 2472 Marathoniam
831 2410 992 2473 admodum
1006 2409 1223 2473 formidabilem

55 2511 115 2573 vim
137 2511 294 2575 Persarum
316 2511 434 2575 Graecia
448 2513 543 2576 visam
562 2531 629 2576 eme
648 2513 816 2576 iierodotua
827 2523 954 2576 testatur
973 2513 1020 2586 vt,
1044 2512 1121 2574 112:
1142 2507 1224 2586 νέως

56 2605 95 2676 δὲ
116 2601 156 2697 ἦν
173 2613 262 2677 τοῖσι
274 2605 416 2700 Ἕλλησι
436 2607 495 2678 καὶ
514 2609 554 2679 ad
578 2604 703 2697 οὕνομα
723 2611 764 2678 tei
785 2611 918 2702 Μήδων
938 2608 1049 2702 φόβος
1069 2605 1223 2678 ἐνοῦσαι.

57 2715 148 2798 igitur
161 2732 223 2779 non
237 2715 412 2793 errabimus,
428 2716 546 2800 opinor,
559 2715 587 2782 ei
601 2718 659 2780 boe
671 2717 734 2780 iere
749 2727 1001 2802 temperaremus
1024 2719 1091 2784 iiioa
1109 2739 1127 2784 a
1142 2719 1224 2782 Tbe-

57 2819 163 2901 ognide
177 2821 304 2904 scripto·
319 2841 384 2885 eoae
398 2821 567 2896 metuimus,
582 2820 634 2903 qui
648 2821 721 2904 quin
736 2829 809 2886 tunc
823 2823 882 2886 iam
898 2823 970 2886 satia
984 2830 1080 2887 aetate
1102 2840 1225 2905 proruo-

58 2927 107 2986 tua
120 2924 211 2986 tuerit
223 2923 351 2988 dubitari
365 2941 427 2987 non
441 2930 551 3006 potest.
573 2923 649 2988 Nam
664 2945 758 3006 quum
773 2925 909 2988 nomime
920 2927 1035 2990 dicatur
1048 2927 1087 2990 ol.
1099 2925 1141 2988 bb
1156 2925 1188 2988 b.
1197 2943 1225 2986 e.

58 3043 86 3086 a.
102 3027 171 3088 Gbr.
187 3027 355 3088 ott-541
377 3027 438 3102 ιθ),
454 3025 622 3090 circiteroi.
634 3026 677 3088 52
699 3033 738 3104 (a.
754 3028 823 3090 Gbr.
845 3027 1029 3108 572-569)
1051 3037 1140 3092 natua
1161 3045 1227 3089 eane

14 3157 18 3164 ·
56 3125 212 3200 uidebitur,
227 3134 262 3191 nt
276 3145 355 3192 anno
369 3127 409 3191 ol.
424 3127 512 3204 ⁷²2²
528 3127 617 3210 (491)
637 3147 741 3193 senem
764 3128 803 3194 81
827 3138 881 3194 aut
901 3131 944 3196 78
965 3149 1114 3195 annorum
1134 3127 1228 3192 iuiaae

58 3239 266 3312 eomequatur.

143 3333 206 3396 lam
221 3351 291 3397 vero
303 3352 396 3415 quum
410 3335 465 3399 baa
478 3335 659 3418 Theognidis
674 3335 813 3417 reliquiae
828 3334 1034 3399 diversissimis
1044 3334 1231 3417 temporibna

58 3434 249 3517 assignandm
263 3457 331 3500 eree
345 3445 494 3520 appareat,
510 3445 574 3502 tum
590 3439 661 3503 iliud
678 3459 799 3521 quoqne
814 3437 1007 3502 maniieatum
1021 3447 1077 3514 eat,
1094 3455 1158 3501 non
1172 3438 1231 3500 im·

59 3538 167 3601 merito
182 3555 239 3600 nos
253 3539 415 3620 quidquam
430 3561 467 3604 ex
481 3540 517 3603 iio
531 3541 569 3604 de
582 3539 799 3622 Megarensium
814 3541 936 3604 historia
947 3541 1087 3623 mgnosca‘
1098 3559 1231 3622 negasse,

59 3639 117 3703 nini
131 3641 212 3723 qnod
227 3639 271 3703 rel
285 3641 329 3704 aio
342 3641 465 3706 dubium
480 3662 546 3706 eme
561 3643 735 3726 nequiverit,
751 3643 863 3708 sedicet
875 3645 969 3710 ruisse
983 3643 1108 3725 iiegaria
1120 3643 1234 3726 pariter

60 3751 151 3826 atque
165 3745 197 3808 in
210 3743 315 3808 oeteria
326 3743 477 3828 plerisque
492 3745 629 3808 Graeciae
642 3745 810 3810 civitatibus
824 3746 903 3810 inter
915 3745 1034 3830 piebem
1051 3753 1082 3808 et
1103 3746 1232 3828 optima·

60 3853 107 3912 tea
121 3855 277 3926 certatam,
298 3848 473 3936 plebemque
489 3847 648 3933 aliquando
662 3847 848 3934 superiorem
862 3849 1002 3926 eranieae,
1023 3866 1081 3914 nee
1101 3849 1233 3915 deiuiaae

133 4129 175 4198 id)
192 4129 250 4184 vie
266 4127 400 4182 waleno.
418 4127 533 4198 proiegg.
546 4145 570 4198 p.
582 4127 656 4193 XVI.
673 4131 717 4201 qai
733 4129 828 4184 Saitae
850 4127 929 4182 verba
945 4125 1072 4201 γεγονός
1089 4123 1122 4184 ἐν
1137 4128 1173 4202 νῇ
1184 4123 1234 4185 rd'

70 4215 125 4272 ¹01.
143 4233 193 4270 aaa
204 4217 236 4268 de
252 4231 319 4268 aare
336 4214 416 4268 natali
431 4215 578 4284 recipienda
598 4229 656 4268 eata
676 4219 751 4272 nebia
773 4217 873 4287 quaen
892 4213 957 4268 nti·
978 4213 1101 4284 probam
1121 4215 1234 4272 ridetur.

63 4301 120 4372 ipae
131 4301 285 4355 wdetun
295 4297 467 4367 Themide·
479 4299 513 4352 ai.
525 4301 569 4366 bb,
579 4299 596 4353 2
608 4309 654 4354 ant
665 4301 682 4355 8
693 4308 780 4354 natu
792 4301 893 4366 amauit,
904 4301 971 4370 qaod
982 4301 1099 4372 qna-vu
1107 4303 1237 4374 haudqua-

64 4384 1238 4458 thoedibdedtpebabdimmnmdquadmpunhmminiaiare·

65 4477 112 4530 aiii
122 4481 208 4529 aetate
219 4471 305 4529 uam
313 4469 395 4528 ima·
405 4471 514 4528 ὅσω.
529 4515 533 4522 .
