3182 4962
784 376 1012 480 ..ee

285 575 427 662 potuerit.
446 589 508 637 non
529 570 622 635 sileo.
666 567 771 632 Obstat
796 577 896 632 eutem
924 565 1043 648 utrique
1063 563 1247 628 coniecturae
1272 564 1361 628 eliam
1378 564 1446 639 boc,

285 679 364 764 quod
389 677 432 742 sic
456 677 544 740 serbe
569 672 657 738 buius
684 671 811 736 membri
839 665 876 735 is
902 669 961 753 τῆς
982 663 1134 748 cremeas
1156 659 1362 752 incepissem
1383 667 1450 732 seia

286 776 410 866 ὁμοίων
432 773 577 846 aiioiiees
598 796 658 842 nou
675 786 812 864 poterunt
829 775 886 840 nisi
902 793 969 838 cum
987 763 1181 859 ὑφεστῶτας
1202 773 1346 845 construi,
1369 774 1448 856 quod

286 907 302 952 e
318 885 463 970 superiori
479 883 613 948 membro
628 882 687 945 buc
701 880 877 945 trallendum
892 879 958 952 erit.
980 877 1152 958 diceturque
1167 877 1210 940 sic
1224 877 1347 941 deorum
1364 867 1451 939 ὑπό-

287 1007 414 1065 στασις,
436 989 466 1052 li.
487 1009 514 1052 e.
540 984 714 1057 substantia.
739 1003 804 1047 esse
831 1003 855 1046 s.
877 991 1011 1047 constare
1033 1001 1073 1044 ex
1094 981 1203 1045 alnum
1224 981 1395 1064 imaginum,
1422 979 1450 1044 iel

232 1113 235 1120 ’
285 1093 363 1178 quoel
379 1093 538 1156 absurdum
554 1098 610 1164 est.
625 1107 717 1172 quum
733 1087 876 1170 imagines
888 1087 1006 1169 quinem
1019 1105 1053 1148 ex
1066 1085 1110 1148 elis
1123 1087 1255 1159 ellluant,
1267 1087 1348 1149 nullo
1361 1083 1452 1148 modo

285 1207 384 1262 autem
400 1196 429 1260 li
445 1215 461 1259 o
476 1196 537 1260 suis
553 1195 685 1278 ipsorum
700 1191 876 1274 imaginibus
891 1190 1016 1254 existere
1031 1209 1065 1253 ac
1080 1189 1198 1271 prodire
1213 1197 1338 1272 possint.
1370 1189 1452 1252 besi-

286 1301 357 1364 dero
378 1299 465 1382 igitur
486 1297 564 1362 aliud
586 1295 718 1366 verbum.
746 1296 825 1358 umis
853 1295 911 1358 boc
936 1287 972 1356 lx
994 1293 1052 1378 τῆς
1074 1294 1227 1370 neaeman
1249 1286 1454 1375 ἐπιρρύσεως

288 1405 414 1486 pensiero
434 1411 501 1483 apte
521 1399 625 1483 possit,
650 1399 734 1462 cuius
754 1397 843 1470 uerbi.
870 1397 1034 1460 oblitterata
1057 1397 1149 1480 prima
1165 1405 1258 1478 porte,
1286 1409 1453 1480 postremae

289 1515 403 1568 tantum
421 1503 535 1566 litterae
547 1485 608 1575 ῐῖς
622 1501 737 1564 relictae
753 1510 846 1563 erant.
891 1486 1028 1576 lloebi‘e
1043 1511 1192 1564 corrector
1206 1501 1320 1582 aliquis,
1342 1519 1453 1584 prono·

289 1625 359 1670 naon
374 1626 438 1668 esso
454 1615 547 1675 retus.
563 1605 683 1687 spiritus
706 1605 790 1685 signo
805 1605 896 1676 auxit.
912 1605 1072 1687 simulque,
1088 1623 1179 1685 quum
1197 1591 1255 1678 οὓς
1271 1599 1378 1667 clinici
1394 1622 1454 1666 non

289 1730 377 1794 posse
391 1709 575 1788 intelligeret,
597 1706 654 1768 nisi
669 1706 857 1788 praecelleret
878 1695 937 1784 alls
958 1703 1026 1787 μέν,
1049 1709 1105 1770 boc
1125 1707 1222 1788 ipsum
1240 1707 1349 1770 invexit
1364 1727 1453 1789 nega-

290 1815 370 1877 tione
393 1801 433 1874 oo³
454 1812 482 1874 in
506 1827 673 1892 pronomen
689 1801 745 1885 οῧς
759 1819 882 1875 mutata.
928 1812 1055 1874 Verbum
1078 1820 1177 1876 erstem
1195 1813 1280 1886 illud,
1302 1812 1385 1874 cuius
1400 1832 1454 1894 po·

291 1923 416 1979 stremac
443 1923 559 1978 tenlmn
587 1913 699 1976 litterae
722 1921 906 1994 supererant.
933 1909 1094 1996 musonis
1120 1915 1210 1977 luisse
1231 1914 1369 1985 arbitror.
1396 1932 1456 1995 quo

292 2019 431 2083 restituto
444 2015 620 2079 sententiam
642 2015 719 2078 banc
732 2035 797 2078 csse
812 2017 955 2090 ridemus,
978 2025 1012 2079 ut
1030 2017 1059 2079 eli
1079 2035 1139 2080 non
1160 2017 1279 2099 quidem
1296 2019 1330 2080 ad
1347 2035 1454 2080 uume-

293 2140 359 2185 rum
376 2131 511 2185 constare
527 2119 670 2191 dicantur,
691 2117 719 2179 b.
735 2139 760 2181 e.
782 2137 842 2182 non
864 2119 907 2184 sic
925 2129 960 2183 ut
978 2137 1122 2183 numems
1145 2139 1248 2183 eorum
1266 2119 1332 2182 iniri
1347 2125 1377 2181 et
1391 2119 1453 2180 sin·

291 2224 350 2306 guli
365 2223 491 2287 discerni
508 2223 631 2305 possint,
653 2221 704 2283 seri
726 2222 807 2284 notio
828 2230 927 2284 tamen
948 2240 1053 2284 sorum
1074 2221 1206 2304 capiatur
1228 2243 1262 2283 es
1279 2221 1454 2302 imaginibus

291 2327 432 2392 continuo
447 2325 646 2388 eilluentibus.
670 2323 782 2406 Nempe
797 2323 870 2386 baec
883 2334 929 2387 est
946 2325 1071 2388 oleorum
1088 2321 1215 2406 γνῶσις,
1232 2343 1320 2405 qrram
1337 2319 1456 2406 ἐναργῆ

291 2430 435 2513 Epicurus
450 2449 516 2492 esse
535 2429 575 2490 ait
591 2428 622 2490 iu
636 2427 719 2509 epist
736 2427 771 2491 ad
787 2427 916 2490 blenoec.
939 2435 965 2503 t.
986 2429 1055 2503 123,
1076 2428 1218 2492 vocabulo
1233 2427 1352 2509 proprie
1367 2443 1455 2488 usur-

291 2543 361 2618 pato
378 2533 413 2595 rie
430 2531 599 2596 visionibus.
616 2549 689 2612 quas
707 2531 848 2612 imagines
870 2531 914 2592 sel
937 2531 966 2593 in
983 2549 1088 2594 sensus
1104 2533 1146 2594 vel
1163 2532 1340 2594 inanimum
1358 2529 1455 2611 ipsum

292 2637 476 2700 incurrentes
498 2635 646 2708 eibeiunt3
669 2638 698 2695 et
713 2636 818 2698 barum
835 2627 984 2720 ἐναργείᾳ
1006 2635 1167 2718 opponitur
1182 2655 1216 2698 ea
1232 2653 1331 2697 rerum
1349 2633 1458 2696 intelli-
1558 2685 1560 2690 .

291 2739 397 2822 gentis,
413 2756 488 2820 quae
505 2731 601 2822 λόγῳ,
621 2736 651 2798 la.
667 2756 693 2799 e.
709 2737 822 2800 ratione
837 2747 867 2799 et
882 2737 1037 2820 cogitando
1052 2749 1250 2820 comparatur.
1286 2739 1319 2800 ln
1335 2735 1459 2818 epistola

292 2843 329 2904 sel
346 2841 452 2903 llerod.
469 2843 498 2915 4.
515 2839 556 2902 68
575 2834 703 2922 γνωστὰ
725 2833 811 2902 κατὰ
832 2835 891 2923 τὴν
906 2831 1070 2924 αἴσθησιν
1092 2839 1239 2915 dicuntur.
1260 2861 1336 2924 quae
1351 2857 1458 2920 corpo-

295 2945 336 3006 ris
362 2944 499 3007 sensibus
527 2942 743 3025 percipiuutur,
771 2961 864 3024 quum
891 2943 1045 3006 ellluentes
1072 2963 1106 3006 ex
1131 2943 1221 3007 rebus
1243 2943 1385 3024 imagines
1405 2940 1459 3004 bos

295 3054 447 3109 acessunt:
475 3044 517 3108 sic
543 3044 631 3126 igitur
657 3039 786 3125 pomerei
809 3045 896 3106 etiam
924 3064 956 3108 ea
972 3045 1028 3108 dici
1043 3054 1189 3126 poterant,
1211 3047 1290 3108 uude
1305 3047 1459 3108 ellluentes

296 3147 437 3230 imagines
451 3164 511 3209 non
527 3147 647 3227 quietem
669 3141 729 3230 sris
750 3139 906 3231 σαρκίνην
928 3137 1099 3231 αἴσθησιν,
1122 3149 1174 3210 sed
1200 3149 1298 3230 ipsum
1317 3147 1460 3220 animum,

295 3245 354 3334 sris
376 3243 519 3332 proganie
539 3239 710 3332 αἴσθησιν,
737 3257 899 3332 tangerent,
926 3250 954 3312 id
980 3251 1060 3332 quod
1081 3249 1117 3314 de
1138 3250 1314 3332 imaginibus
1335 3251 1460 3314 deorum

297 3361 420 3435 propter
440 3368 588 3414 summam
611 3369 713 3413 earum
733 3351 941 3424 subtilitatem,
960 3371 1017 3436 qua
1037 3353 1168 3434 corporis
1189 3372 1294 3416 seusus
1313 3353 1460 3435 lugerent,

296 3453 456 3537 Epicurum
473 3452 609 3516 docuisse
624 3471 712 3535 supra
729 3455 968 3518 memoravimus.
978 3455 1029 3532 ⁸⁴)
1075 3456 1136 3519 llao
1151 3465 1184 3520 ut
1199 3457 1235 3521 ab
1250 3457 1349 3521 animo
1365 3455 1461 3538 perci-

297 3565 446 3640 perentur,
472 3564 593 3638 propter
618 3555 745 3619 similem
771 3556 861 3620 animi
882 3575 950 3621 cum
971 3556 1027 3620 illis
1049 3557 1225 3640 imaginibus
1245 3567 1381 3622 naturam
1397 3557 1461 3621 lieri

297 3659 407 3747 potuit:
419 3659 526 3724 similia
537 3659 617 3722 enim
629 3659 775 3724 similibus
785 3660 986 3744 percipiretus
997 3661 1054 3725 luit
1062 3661 1253 3745 physicorum
1260 3661 1461 3738 doctrina,⁸⁵)

367 3881 410 3947 24)
428 3879 468 3936 cl.
481 3899 545 3952 quse
557 3901 634 3955 supra
646 3883 755 3938 diximus
768 3901 791 3953 p.
804 3885 855 3940 339
868 3894 894 3940 et
907 3887 965 3940 348.
989 3888 1053 3940 aul.
1066 3887 1168 3942 Laerct.
1181 3887 1214 3954 V,
1228 3889 1288 3942 las:

497 3997 498 4002 κ
568 3971 662 4025 'l'euuis
674 3971 740 4025 esim
753 3979 843 4026 nature
856 3974 929 4027 eleum
941 3975 1065 4044 longeque
1077 3985 1174 4030 remota

568 4061 684 4114 sensibus
696 4076 712 4113 s
726 4059 819 4113 nostris
832 4061 908 4114 animi
920 4061 965 4115 vix
978 4072 1061 4116 mente
1073 4064 1183 4119 violetur.

299 4143 342 4198 sbi
362 4143 457 4198 animi
478 4155 610 4200 mentesa
628 4147 678 4200 liet
694 4155 799 4217 apparet
811 4147 881 4202 illam
893 4149 969 4204 ssimi
982 4159 1088 4219 partem,
1108 4153 1140 4205 ie
1151 4169 1200 4224 qus
1212 4151 1253 4220 ltl,
1273 4152 1324 4206 244
1335 4147 1462 4218 esposuit,

267 4242 275 4258 ·
300 4228 418 4299 exlongo
430 4231 587 4286 tenuissimis
599 4233 700 4300 atomis,
717 4235 743 4288 ia
755 4251 804 4305 qus
816 4243 940 4306 cst‘qussu
954 4236 1078 4306 ψυχικὴν
1090 4241 1226 4306 nicanore
1238 4256 1285 4309 ego
1298 4239 1397 4293 secavi.
1422 4233 1462 4290 Ci.

300 4314 373 4384 ilieg.
385 4315 416 4371 l..
429 4316 464 4382 X,
476 4316 510 4371 tt
522 4327 548 4371 et
560 4320 694 4386 praecipue
707 4321 809 4373 Stobos.
821 4321 876 4376 liel.
888 4321 906 4388 l,
918 4323 951 4376 52
966 4341 988 4389 ρ.
1003 4323 1061 4378 tus,

369 4401 412 4468 45)
430 4398 469 4458 Gi.
481 4401 696 4473 Tresrlelsabarg.
708 4399 739 4456 ml
751 4405 835 4460 Arist.
847 4406 878 4460 tls
889 4407 971 4461 snt-s
984 4423 1008 4477 p·
1022 4411 1071 4464 220
1083 4419 1110 4464 et
1121 4410 1179 4465 228.
1197 4411 1294 4466 lionits.
1306 4411 1339 4464 etl
1351 4409 1463 4476 lictaple
