3166 4962
75 1317 80 1322 ·
211 1256 525 1408 ouicsnovuu
574 1289 975 1390 unvuulncluuu
1023 1291 1169 1388 curm
1208 1296 1254 1388 11.
1317 1297 1377 1390 nn

210 1437 490 1536 avunculis
523 1436 610 1546 ovs
644 1432 1006 1532 svuvmcluovu
1038 1436 1083 1528 vv
1107 1434 1378 1534 couvosms

211 1671 412 1770 Posteaquam
428 1687 525 1771 primo
539 1685 646 1750 barum
659 1682 865 1766 quaestionum
877 1682 971 1766 capite
982 1682 1142 1766 particulae
1156 1701 1224 1766 que
1235 1683 1378 1766 originem

210 1791 514 1874 significationemque
529 1789 688 1872 genuinam
704 1787 984 1860 demonstravimus,
1004 1794 1035 1850 et
1050 1805 1109 1869 quo
1125 1788 1215 1851 movlo
1230 1807 1264 1850 ca
1279 1808 1314 1852 ex
1329 1807 1379 1851 rc·

210 1895 294 1959 lativa
314 1895 346 1958 in
360 1893 556 1979 copulativam
577 1893 657 1957 abiro
676 1891 805 1976 potuerit
818 1892 1038 1974 explicavimus,
1061 1891 1196 1974 sequitur
1209 1892 1279 1965 iam,
1294 1899 1328 1954 ut
1342 1891 1380 1954 de

210 1999 274 2063 eius
296 2015 354 2061 usu
375 1997 405 2060 in
425 1996 640 2080 compositione
659 2013 728 2059 cum
749 1995 813 2058 aliis
827 1995 975 2059 vocabulis
989 1994 1202 2078 disputandum
1216 1994 1264 2068 sit,
1289 2013 1378 2075 quem

211 2100 331 2182 quidem
353 2117 474 2163 omnem
495 2099 532 2163 ad
552 2099 608 2163 tria
623 2117 730 2180 genera
750 2117 887 2161 rovocare
901 2097 1078 2180 poterimus,
1099 2106 1216 2179 utque
1232 2105 1380 2161 autmere

211 2203 411 2287 copulativum
426 2203 475 2279 sit,
490 2211 542 2266 aut
555 2203 709 2266 relativum
724 2209 813 2284 atque
828 2201 1073 2283 comparativum,
1088 2209 1140 2264 aut
1150 2201 1278 2284 denique
1293 2201 1379 2265 inole-

211 2305 342 2370 smitum.
1306 2307 1312 2317 ’

297 2407 548 2492 Frequentissima
574 2407 709 2472 omnium
736 2407 913 2489 compositio
932 2413 979 2470 est
998 2423 1067 2472 cum
1089 2407 1381 2491 praepositiuncula

211 2531 281 2578 nam
296 2519 426 2596 atque,
454 2512 533 2594 quovl
554 2513 641 2594 vulgo
661 2511 749 2575 scribi
769 2511 854 2586 solet,
882 2511 953 2574 nibil
973 2511 1051 2576 aliud
1074 2531 1140 2576 csso
1160 2531 1249 2594 quam
1265 2512 1381 2596 avlque

211 2617 300 2681 bodie
315 2616 436 2700 quidem
452 2635 490 2679 nc
505 2615 636 2698 puerulis
647 2614 768 2698 quidem
782 2613 916 2697 ignotum
928 2623 984 2690 est,
999 2633 1055 2679 nec
1065 2614 1173 2678 desunt
1189 2617 1281 2680 multa
1291 2617 1381 2680 huius
1501 2681 1503 2684 .

212 2739 332 2806 quoquc
358 2720 521 2804 scripturae
542 2719 587 2784 vcl
615 2719 645 2784 in
672 2719 823 2784 codicibus
842 2719 887 2781 vcl
913 2719 944 2781 in
970 2717 1212 2801 inscriptionibus
1237 2721 1381 2804 exemplu.

212 2824 291 2890 Usus
306 2815 404 2890 autem
420 2825 508 2889 buius
523 2831 635 2908 atquo
650 2843 678 2888 v.
693 2823 815 2906 avlque
826 2821 934 2906 duplex
946 2831 1001 2886 est.
1025 2823 1204 2906 Plerumque
1216 2823 1296 2888 enim
1313 2845 1382 2908 quo

213 2929 272 2992 vim
288 2927 376 2993 babet
391 2947 473 2993 mere
489 2928 694 3012 copulativam,
716 2945 869 3012 quumque
885 2927 941 3002 aul,
961 2927 1038 2991 sicut
1056 2937 1172 2992 ceterae
1187 2929 1382 3010 praepositio*

213 3049 278 3108 nes,
293 3031 411 3116 proprie
426 3031 595 3096 adverbium
612 3033 695 3114 siv),
712 3033 836 3114 ideoque
851 3030 940 3094 eliam
956 3049 1017 3094 non
1032 3031 1132 3094 avldito
1147 3031 1246 3114 aliquo
1261 3033 1384 3098 nomino

99 3223 112 3234 ο
214 3135 312 3199 solum
329 3135 373 3200 sic
386 3133 521 3218 usurpari
536 3135 638 3218 possit,
653 3144 696 3210 ut,
712 3153 773 3219 quo
784 3134 975 3198 referendum
991 3135 1037 3204 sit
1052 3135 1219 3209 reticeatur,
1234 3143 1338 3218 utpote
1353 3137 1384 3200 iu

215 3238 358 3321 maiusque
380 3237 524 3302 orationis
545 3247 685 3302 contextu
705 3239 790 3302 iacile
809 3237 1101 3319 subintelligendum,
1123 3237 1275 3320 valeatque
1294 3237 1385 3316 ipisus
1419 3255 1423 3264 ·

215 3341 256 3406 ad
277 3341 373 3417 idem,
395 3341 475 3424 quovl
491 3347 629 3406 nostrum
645 3341 752 3416 daau,
774 3342 823 3405 lat
839 3341 1006 3424 insuper,
1026 3350 1234 3426 practerea,
1255 3341 1383 3406 manile·

218 3453 300 3508 stum
312 3449 358 3507 est
373 3445 597 3526 atquecodcm
609 3461 700 3509 seusu
712 3463 772 3528 quo
787 3445 1026 3529 insuperque,
1041 3454 1307 3529 praetereaque
1321 3445 1384 3510 dic·
1429 3501 1433 3509 .

215 3555 281 3612 tum
296 3566 371 3612 esso.
402 3547 460 3610 Sevl
477 3547 623 3630 frequenti
638 3567 695 3612 usu
710 3549 784 3614 baec
797 3549 971 3632 significatio
987 3550 1025 3613 ita
1036 3549 1184 3614 debilitata
1196 3559 1251 3625 est,
1267 3557 1301 3614 ut
1311 3549 1386 3614 nibil

215 3651 341 3736 amplius
361 3670 450 3736 quam
472 3652 596 3736 simplos
619 3653 724 3738 copula
750 3663 789 3720 ct
808 3655 854 3720 vel
874 3655 1081 3741 quaesierat,
1107 3663 1138 3720 et
1151 3655 1249 3720 torma
1265 3673 1385 3740 quoquo

218 3754 379 3830 decurtata,
397 3765 432 3820 ut
445 3756 531 3820 fueret
545 3775 594 3822 ao.

301 3859 382 3924 Alter
392 3868 492 3925 autem
508 3881 580 3926 usus
594 3871 641 3927 est
655 3863 686 3928 in
700 3865 930 3950 comparatione,
949 3862 1000 3928 ubi
1016 3881 1085 3948 quc
1099 3880 1161 3928 non
1174 3863 1316 3948 simplicis
1332 3883 1386 3930 oo·

216 3962 303 4050 pulae
318 3981 441 4028 munere
455 3963 598 4048 iungitur,
612 3965 666 4031 soi
679 3969 827 4055 propriam
839 3987 924 4035 suam
937 3987 972 4034 ac
985 3967 1144 4054 genuinam
1161 3967 1221 4032 vim
1233 3967 1385 4034 relativam

218 4075 346 4142 oscrcet,
361 4067 403 4134 avl
418 4077 518 4134 autem
530 4068 587 4135 iam
599 4089 662 4136 non
673 4071 855 4148 adverbium,
871 4073 923 4141 scd
935 4073 1114 4160 praepositio
1125 4072 1289 4159 potiusvlici
1299 4073 1387 4139 debat

219 4171 257 4238 avl
277 4166 434 4258 illudque
453 4172 536 4256 quasi
555 4174 592 4240 ad
608 4195 709 4242 casum
728 4179 889 4264 pertinens.
919 4178 1031 4256 Quodsi
1051 4197 1120 4246 cum
1141 4177 1299 4246 Corsseuio
1314 4195 1385 4262 que

292 4391 316 4458 il
333 4393 462 4448 suessio
483 4394 575 4452 localis
596 4403 799 4471 praepositiones
819 4406 896 4462 aiau
916 4403 1066 4461 evasisse
1085 4404 1171 4459 dietas
1187 4417 1245 4458 osso
1261 4411 1387 4458 memorat

220 4474 282 4532 Tor.
294 4475 384 4531 Seuer.
396 4477 428 4532 als
439 4485 553 4552 ortisqr.
566 4503 590 4556 p.
603 4488 669 4545 ²262
681 4491 709 4546 Ρ,
