3186 4958
250 722 355 786 miram
370 722 507 804 nullaque
523 723 636 787 ratione
651 731 764 787 nromm
780 744 845 789 esse
861 725 996 800 arbitror,
1017 725 1110 809 ipsius
1124 735 1225 792 autem
1241 729 1294 795 viri
1309 732 1421 798 doetis-

249 825 316 888 simi
332 826 603 908 interpretationem
619 845 695 899 earn,
716 847 805 909 quam
822 828 877 892 silei
893 829 1035 891 veriorem
1052 830 1142 894 aitleri
1158 833 1207 906 ait,
1230 832 1315 914 longe
1330 855 1420 918 quam

250 928 420 1004 Quintiliani
437 929 522 992 uerba
538 929 738 992 obscuriorem
756 931 827 994 rnilri
843 931 934 994 videri
950 932 1054 994 fateor.
1079 933 1127 996 Sic
1138 935 1218 997 enim
1231 937 1372 1020 loquitur.
1387 959 1422 1004 aa

193 1059 195 1064 ·
247 1031 274 1096 ai
299 1031 399 1095 credat
422 1033 635 1106 Quintilianum
662 1034 797 1096 asluerlria
820 1033 982 1116 posteriore
1005 1034 1126 1098 demum
1143 1037 1271 1119 quodam
1287 1049 1420 1121 temporo

249 1135 344 1198 serbis
370 1135 401 1198 in
416 1137 549 1200 oratione
570 1148 711 1218 tanquam
734 1137 911 1200 atlmiuiaula
927 1137 1071 1220 quaedam
1088 1139 1155 1202 onai
1171 1149 1274 1223 coepta
1290 1151 1419 1223 putasse,

249 1237 396 1302 intellecto
412 1249 511 1302 tamen
526 1257 629 1303 eornm
646 1241 769 1303 aterbis
781 1241 964 1304 discrimine:
981 1252 1067 1304 antea
1080 1241 1167 1324 igitur
1178 1255 1228 1306 aut
1239 1247 1318 1308 nulla
1331 1245 1420 1310 luisse

249 1353 299 1406 aut
314 1352 393 1406 mute
405 1359 466 1405 non
479 1360 532 1426 pro
545 1342 728 1406 ndntiniculis
740 1343 896 1407 vterborum
909 1344 1018 1407 habita.
1035 1343 1171 1408 Noluisse
1183 1347 1278 1410 titum
1291 1349 1421 1412 circum-

248 1447 467 1530 spectissimum
494 1455 555 1510 tant
576 1446 775 1510 itreretlilrilem
796 1447 941 1510 inscitiam
964 1449 1145 1522 Quintiliano
1172 1449 1319 1532 imputare
1340 1463 1420 1516 certo

248 1551 326 1628 seim
346 1552 397 1614 seu
419 1553 477 1617 ltoe
491 1553 515 1617 si
532 1552 636 1628 noluit,
658 1551 905 1636 latendunrcerto
921 1571 989 1614 eum
1006 1551 1076 1634 quitl
1092 1552 1178 1616 uellet
1192 1555 1420 1638 haudquaquam

249 1657 335 1739 plane
351 1675 386 1720 ne
400 1657 552 1740 perspicue
569 1657 757 1740 praelocutum
773 1675 848 1720 osse.
882 1653 981 1718 l'oluit
1001 1665 1111 1731 eutem,
1134 1667 1168 1720 ut
1188 1659 1323 1733 arlritron
1347 1658 1419 1724 nilril

249 1759 326 1824 aliutl
347 1779 437 1844 quam
459 1759 530 1826 olim
552 1761 687 1824 aelrerlaia
708 1779 769 1823 non
789 1759 861 1823 satis
881 1759 1084 1823 animadversa
1106 1779 1202 1842 neque
1217 1782 1233 1824 a
1248 1762 1343 1826 verbis
1359 1763 1421 1826 dis·

250 1874 339 1938 treta,
354 1883 389 1928 ae
403 1874 505 1947 postea
520 1864 640 1928 ‹lenmm
658 1863 694 1927 alr
709 1864 744 1928 iis
755 1871 888 1948 separata
900 1883 974 1927 esse.
998 1863 1121 1939 Quodsi
1134 1864 1240 1938 laneat,
1256 1883 1360 1929 rursus
1372 1885 1421 1930 me

158 2007 160 2012 ,
249 1985 309 2030 non
324 1969 397 2031 satis
412 1968 571 2050 intelligere
586 1969 691 2038 laleor,
707 1985 796 2050 quam
813 1967 852 2031 ob
864 1985 982 2030 eausam
996 1967 1193 2042 Quintilianus
1206 1987 1303 2032 veram
1316 1969 1421 2033 atlter·

249 2069 366 2132 lriorum
382 2069 533 2132 notionem
550 2069 700 2150 ignorasse
716 2077 864 2150 arguantur,
886 2079 916 2132 ot
936 2069 1005 2152 quial
1021 2071 1149 2152 deniquo
1164 2071 1280 2135 intersit
1295 2089 1420 2154 magno·

250 2189 320 2252 pere
336 2171 413 2233 inter
426 2169 499 2234 eluas
514 2171 584 2232 istas
599 2169 866 2251 interpretationes,
883 2191 1007 2252 quarum
1024 2173 1113 2234 altera
1128 2172 1264 2234 aelrerlria
1280 2183 1420 2253 tanquam

250 2273 377 2352 speeiem
393 2272 541 2353 putandam
556 2271 714 2333 ¹orborum
730 2280 781 2334 aut
796 2281 909 2352 piantem
926 2273 1068 2335 orationis
1083 2273 1161 2336 haud
1176 2274 1340 2336 absimilem
1354 2293 1420 2339 nter·

250 2371 296 2434 bis
310 2372 440 2435 additam
453 2375 523 2446 uult,
539 2372 629 2435 altera
640 2373 755 2444 eadem,
771 2391 863 2453 quttm
877 2373 947 2436 elim
961 2373 1060 2436 minus
1071 2375 1273 2438 animadversa
1284 2377 1419 2451 fuissent,

163 2474 167 2482 ’
249 2485 353 2557 postea
368 2493 422 2558 pro
436 2473 621 2538 adminiculis
632 2474 789 2538 uerborum
807 2473 916 2547 habita,
932 2475 1045 2538 diuersa
1061 2484 1160 2538 tamen
1176 2476 1213 2538 ab
1227 2475 1299 2558 ipsis
1315 2477 1419 2556 verbis
1483 2473 1485 2496 ³

251 2577 375 2660 ideoque
391 2597 451 2642 non
466 2577 593 2660 amplius
607 2597 676 2641 eum
692 2577 726 2640 iis
738 2577 871 2646 eoniusa.
886 2577 937 2638 sotl
951 2578 1108 2658 separatim
1122 2578 1151 2640 in
1164 2579 1298 2660 partibus
1309 2579 1420 2644 oratio-

250 2681 297 2744 nis
311 2690 465 2744 numerata
480 2701 555 2744 esso.
585 2680 660 2742 Nam
676 2681 701 2742 si
716 2680 895 2764 respondent
905 2679 1041 2754 tortasse,
1057 2681 1134 2743 aliutl
1147 2689 1247 2744 tamen
1260 2701 1336 2756 esse,
1352 2701 1423 2764 spe·

251 2783 324 2846 aiem
341 2785 490 2866 quantiam
502 2781 807 2846 rerlrorunratlnerltia
820 2781 948 2854 eredere,
963 2781 1042 2844 aliutl
1054 2781 1232 2846 atlntinicula
1245 2783 1420 2846 verborum:

253 2903 439 2967 opponemus
461 2895 564 2947 nostro
585 2885 663 2959 iuro,
684 2884 754 2947 illud
776 2884 873 2966 ipsum
893 2882 1028 2964 speciei
1043 2883 1217 2946 vocabulum
1234 2903 1422 2967 perperatur

250 2987 312 3050 siro
334 2987 506 3050 doctissimo
525 2997 700 3068 usurpatum
722 3005 797 3058 esse,
824 3003 916 3064 quum
937 2983 973 3046 tle
990 2983 1026 3046 iis
1040 2983 1161 3059 eliceret,
1188 2985 1240 3066 qui
1254 2986 1389 3050 adverbia
1405 3005 1423 3051 a

253 3088 347 3152 verbis
369 3087 582 3152 seiunrissent:
608 3075 801 3150 seiunxerunt
821 3087 901 3148 enim
922 3095 1092 3168 propterea,
1117 3087 1198 3168 quod
1220 3104 1282 3148 non
1303 3097 1337 3150 ut
1352 3108 1422 3170 spe·

252 3189 325 3253 ciem
346 3189 447 3273 generi
467 3189 623 3254 subiuncta
644 3189 739 3253 uerbis
761 3189 908 3261 adverbia,
931 3188 983 3250 seul
1000 3187 1133 3268 quantula
1154 3189 1252 3250 affinia
1267 3197 1297 3250 et
1312 3190 1342 3252 in
1357 3208 1422 3252 ser·

255 3309 344 3355 neone
371 3295 546 3374 plerumque
573 3291 630 3353 illis
653 3309 795 3362 connexa,
821 3289 868 3352 sui
889 3298 989 3352 tanton
1003 3289 1119 3368 generis
1133 3290 1273 3352 uocabula
1288 3289 1423 3354 habenda

251 3413 316 3458 esse
331 3403 520 3459 eensuemnt.
549 3393 651 3474 ltaque
666 3411 720 3474 pro
740 3392 837 3473 specio
854 3393 1012 3455 teritorum
1028 3391 1163 3454 adnerlria
1179 3409 1238 3454 non
1254 3391 1290 3454 ale
1306 3391 1352 3454 leis
1367 3393 1422 3456 ha·

251 3495 311 3560 lin
336 3517 402 3561 esse
427 3495 570 3570 licentius,
596 3515 672 3576 epuns
693 3495 892 3569 Quintilianus
908 3494 1003 3556 verbis
1023 3493 1158 3556 atlverltia
1177 3503 1318 3574 tanquam
1334 3493 1422 3557 aliam

251 3609 366 3681 partem
382 3599 523 3662 orationis
537 3597 678 3661 adiecisse
693 3597 772 3671 dicit,
788 3597 840 3659 setl
856 3595 1042 3678 aptioribus,
1058 3613 1187 3676 quorum
1200 3594 1231 3656 iti
1242 3595 1422 3657 sententiam

252 3701 455 3766 deseruerunt.
478 3701 576 3775 Quum
591 3699 708 3781 utrique
723 3699 867 3790 rationem
883 3697 979 3760 secuti
993 3697 1062 3769 sint,
1077 3717 1114 3760 ex
1137 3697 1173 3759 iis
1188 3715 1264 3778 quae
1279 3697 1354 3759 inira
1369 3715 1423 3759 ex·
1528 3749 1530 3754 .

251 3821 398 3886 ponemus
412 3805 548 3885 pateliet;
569 3821 649 3866 nune
670 3810 786 3864 tautum
801 3800 1014 3875 Quintilianum
1031 3799 1259 3881 haudquaquam
1275 3798 1421 3880 ambigue,

253 4051 318 4104 amp
330 4038 363 4090 ina
374 4037 451 4092 Setae
462 4037 625 4105 beiengelm,
639 4038 699 4091 inst
711 4053 767 4090 maa
776 4036 846 4104 jetzt
857 4035 903 4088 eles
914 4034 1085 4088 lienumtaeia
1098 4033 1192 4101 pululat
1200 4032 1281 4098 lriitte,
1292 4031 1318 4084 ia
1327 4031 1422 4085 diesem

254 4117 366 4175 zontas
381 4131 463 4176 etuas
482 4123 641 4176 bestimmten
657 4139 708 4176 ven
725 4120 909 4174 donaverimus
928 4120 1123 4173 venebietleuea
1143 4117 1282 4183 euboico,
1302 4119 1348 4170 elas
1365 4133 1423 4170 mee

254 4201 341 4260 lriilree
358 4209 510 4262 uebeeelrtet
521 4208 653 4276 pelessae,
671 4227 701 4262 eo
714 4208 785 4260 wire
797 4207 875 4260 alamit
886 4205 1025 4274 aller-elios·
1038 4222 1088 4258 von
1100 4206 1147 4258 der
1158 4201 1349 4272 genehelielree
1362 4219 1423 4256 ver·

254 4289 360 4344 ltelrrteu
378 4291 494 4361 Faunos
511 4297 557 4348 eles
577 4295 747 4347 antemium
763 4293 804 4345 tte
821 4291 897 4344 lletle.
923 4289 975 4344 ller
990 4291 1125 4344 Gebnauelr
1142 4290 1236 4357 perae
1252 4291 1297 4341 nee
1315 4287 1423 4340 Wortes

254 4375 364 4430 allicere
380 4377 449 4444 siniit
466 4378 553 4432 elieser
565 4387 638 4432 sonat
649 4377 790 4444 ellertliega
803 4377 873 4430 ululat
885 4395 916 4430 so
929 4377 993 4429 nahe
1005 4373 1138 4442 liegeatleo
1150 4373 1298 4439 lieltliiruep
1310 4373 1424 4425 alleabar

254 4461 336 4528 etatae
349 4462 655 4517 weteeetetettettatu‘
679 4463 798 4530 Beitripe
810 4479 858 4515 eur
870 4461 1023 4515 Geaeltielrte
1034 4462 1081 4514 ier
1092 4459 1251 4514 Grammatilt
1262 4459 1308 4512 dea
1319 4457 1424 4512 Geleeh.

254 4545 304 4598 aul
314 4547 359 4601 dea
372 4545 428 4601 lant.
441 4563 492 4602 vae
505 4549 549 4602 lle.
562 4545 595 4601 li.
607 4548 637 4602 lt
648 4546 680 4601 Α.
692 4549 816 4615 Schmidt,
830 4547 913 4616 (nelle
930 4547 1005 4614 1851)
1019 4561 1044 4614 p.
1058 4547 1116 4600 117.
