3182 4960
644 447 793 548 ..aa

141 645 259 702 aeterna
279 639 332 714 eit,
354 639 384 702 b.
405 659 432 703 c.
455 639 526 722 quid
548 641 695 724 pertineat
717 644 753 706 ad
772 636 895 704 alicuius
914 645 1036 700 naturae
1050 633 1264 699 beatitudinem
1280 643 1310 694 et
1416 633 1424 644 '

66 777 69 782 ·
140 741 361 815 aeternitatem,
382 742 434 806 aed
450 765 485 807 eo
501 754 633 820 tantum,
653 757 687 810 ut
701 743 890 809 beatttoettota
905 751 932 802 et
949 739 1129 802 aeternitatis
1143 737 1309 804 notionem.

141 843 198 906 iam
215 843 333 908 aliunde
350 847 379 910 in
393 847 493 910 enimn
510 847 714 924 informatam,
736 850 765 914 in
779 850 850 911 teos
865 843 1118 914 trartsicreneiam,
1141 843 1172 904 b.
1187 862 1213 902 c.
1238 841 1310 902 teor

140 955 279 1012 aeterum
299 959 329 1012 ot
351 951 452 1014 beatos
472 951 626 1016 habendos
648 973 713 1017 caeo
734 972 794 1016 nnn
817 953 872 1014 iarn
889 947 1076 1030 suspicemur
1089 944 1310 1010 tanteemmoeto.

45 1043 48 1050 ’
140 1051 192 1114 eet
208 1061 288 1115 certa
303 1062 355 1118 eut
372 1053 512 1138 probabili
528 1055 640 1120 ratione
657 1057 862 1140 intelligamur.
887 1053 967 1116 {lonc
981 1051 1019 1112 ob
1034 1069 1153 1112 cansam
1167 1047 1309 1110 t'ettetnm

141 1154 249 1219 dixisse
264 1158 392 1222 conieci:
417 1169 575 1222 montem
599 1171 764 1224 nostram
781 1195 823 1206 -
847 1153 1138 1236 intelligentiam
1161 1168 1310 1234 capere,
1341 1159 1345 1168 '

141 1277 234 1340 quae
255 1261 302 1324 eit
325 1261 449 1326 beatae
472 1271 626 1326 naturae
648 1273 684 1326 ot
698 1274 874 1328 aeternae
896 1262 926 1324 b.
942 1282 968 1320 e.
984 1261 1072 1321 tatem
1088 1257 1126 1318 de
1141 1257 1186 1317 ciis
1201 1255 1311 1317 intetii·

142 1363 284 1443 gantiam,
304 1383 379 1446 quae
400 1365 513 1428 beatam
534 1375 564 1427 ct
585 1375 734 1429 artemam
752 1377 885 1428 naturam
901 1363 936 1426 iia
951 1360 1137 1424 tribuentem
1153 1379 1218 1420 cese
1233 1357 1312 1420 iurii-

141 1467 251 1544 cct¹³).
285 1465 388 1529 teotto
403 1467 556 1530 obscurius
572 1468 644 1531 haec
659 1469 733 1530 eticta
750 1468 940 1536 caremtenam
959 1475 1082 1528 atcerte
1099 1482 1158 1524 uon
1173 1461 1311 1523 atuunic.

141 1568 237 1649 Atque
253 1569 340 1630 etiam
362 1587 396 1631 cx
417 1589 453 1632 eo
475 1569 554 1652 quod
571 1571 655 1634 Cotta
671 1570 756 1644 dicit,
779 1591 805 1631 c.
823 1571 863 1632 39
884 1579 971 1640 extr„
994 1574 1032 1630 ut
1055 1583 1160 1627 mena
1181 1575 1312 1624 nostra

140 1669 283 1733 beatam
317 1671 419 1734 iiiam
454 1682 622 1734 naturam
657 1685 694 1736 et
722 1683 914 1736 aeternam
942 1680 1065 1753 putet,
1093 1687 1154 1730 non
1183 1667 1312 1728 deserta

140 1772 269 1846 visione,
291 1775 343 1836 ted
369 1775 406 1837 de
431 1776 537 1838 mentia
560 1775 667 1838 iuribin
689 1777 863 1858 rationeque
883 1774 1070 1856 ceegitnneinm
1094 1791 1159 1833 esen
1179 1777 1313 1850 apparet.

141 1875 273 1956 Denique
296 1877 384 1939 etiam
409 1878 490 1940 locut
519 1879 596 1960 aputi
620 1881 744 1941 sennen
768 1879 966 1960 Empiricutn,
999 1877 1100 1957 i'ycrh.
1124 1874 1191 1954 ioppe.
1217 1871 1311 1942 libi
1424 1948 1428 1957 Ι

140 1995 169 2062 p.
189 1978 245 2039 ttu
259 1978 354 2050 Febr„
366 1999 402 2042 ex
414 1979 531 2063 Epicuri
544 1981 620 2043 baud
632 1981 720 2044 dubie
731 1994 780 2044 aut
792 1981 914 2042 aticuiua
924 1977 1058 2062 Epicurei
1070 1977 1145 2038 tibro
1154 1987 1313 2055 sumptus:

141 2071 320 2165 c'e‘paitoprrie
335 2101 365 2142 rr
384 2077 439 2144 eoi
454 2073 619 2163 μακάριον
634 2077 790 2165 ἐννοήσας
804 2079 863 2144 rr'te
879 2078 960 2143 tecte
977 2068 1061 2144 ciem
1074 2079 1174 2138 enirn
1187 2070 1313 2153 νόμιζε.

142 2183 332 2246 manifestum
349 2183 418 2246 tacit
434 2184 594 2267 Epicurum
610 2185 713 2248 beatae
733 2195 763 2248 et
777 2197 914 2248 aeternae
930 2195 1051 2246 naturae
1067 2175 1195 2245 i'eeoeoe
1214 2197 1310 2261 quan·
1357 2167 1361 2174 ’

140 2285 208 2348 dam
226 2304 285 2348 nnn
300 2307 335 2350 er
352 2286 464 2350 antone
479 2287 643 2350 divinarum
661 2288 820 2366 irrraginunt
844 2289 995 2358 haustam,
1019 2287 1070 2348 ecci
1092 2285 1183 2346 animi
1204 2283 1314 2345 iueticio

142 2389 172 2451 in
188 2389 234 2452 dei
251 2389 402 2453 notionem
420 2391 590 2453 translatam
610 2391 801 2470 renuissent.
840 2390 914 2454 Nam
937 2391 1001 2452 aine
1023 2390 1113 2451 dultin
1132 2378 1313 2451 ieeeeo'ttta

141 2493 266 2554 existere
288 2493 385 2577 potuit
406 2494 494 2556 etiam
518 2493 544 2556 ei
567 2495 663 2556 nubae
687 2511 818 2577 uuqttam
848 2495 974 2557 deornm
1002 2493 1143 2575 imagines
1171 2511 1204 2551 oe
1225 2489 1313 2552 nobie

143 2596 292 2659 oberrent.
1037 2585 1039 2589 ’

121 2772 125 2780 p
227 2695 1312 2772 Quemadmodumautemdeimmortalitatembeatituetionaioetiamde

141 2800 245 2864 ueteris
260 2801 374 2864 dit-inae
389 2813 509 2864 naturae
526 2801 715 2882 qnntnutens
732 2803 876 2885 Epicurus
895 2803 1013 2874 etatuit,
1036 2819 1096 2864 nnn
1118 2801 1202 2863 aliter
1220 2817 1311 2882 quam

139 2903 252 2967 tatione
267 2913 301 2966 et·
312 2903 419 2968 iudicio
434 2905 470 2966 ad
486 2903 682 2985 cognitionem
700 2924 800 2970 earum
817 2907 962 2990 perueniri
979 2925 1074 2988 procae.
1106 2904 1170 2967 iiuc
1185 2903 1314 2988 pertinet

140 3005 270 3088 primum
294 3007 357 3069 eiua
379 3007 416 3070 de
437 3007 542 3072 divinis
566 3025 626 3072 nun
649 3019 710 3072 tam
730 3011 906 3092 corporibus
926 3029 1017 3094 quarn
1034 3009 1311 3090 quasi-corporibus

140 3111 296 3174 sententia.
320 3111 514 3193 {noomoreoe
529 3111 601 3174 uena
615 3131 679 3174 tace
694 3132 748 3176 our
764 3132 867 3196 negare
883 3114 1029 3186 debuerit,
1046 3112 1235 3175 manib-etum
1247 3122 1312 3174 est:

139 3225 207 3276 nant
231 3232 287 3279 nec
308 3223 371 3278 erat
392 3215 555 3277 secundum
583 3214 649 3278 eiua
676 3217 887 3300 physiologiam
915 3219 1074 3300 quicquam
1102 3217 1312 3298 incorporeum

139 3331 256 3402 praeter
277 3319 397 3391 inane,
421 3335 476 3380 neo
498 3317 641 3400 imagines
663 3338 700 3382 ex
721 3319 901 3404 incorporeis
922 3323 1044 3386 etttueee
1070 3327 1214 3406 poterant
1250 3319 1312 3384 ttae

138 3429 237 3488 autem
254 3421 325 3485 nihii
340 3419 396 3484 niei
412 3420 573 3487 humanam
589 3423 714 3488 eteorum
738 3426 866 3509 speciem
892 3428 1103 3490 ostendebant:
1127 3442 1309 3510 quamquam

139 3536 175 3600 de
191 3528 245 3592 bno
260 3543 379 3609 quoque
394 3524 539 3608 Epicurus
553 3545 614 3590 nean
629 3531 700 3594 tatia
720 3529 822 3594 babuit
843 3531 880 3595 eu
902 3531 1062 3614 imaginum
1079 3531 1220 3595 vicione-an
1237 3547 1311 3614 pro·

137 3648 251 3704 vocare,
266 3629 318 3692 aed
333 3628 420 3692 etiarn
436 3633 628 3714 argumentie,
644 3653 699 3699 cur
708 3635 763 3698 aba
779 3635 875 3700 torma
891 3637 920 3700 eii
935 3655 1001 3700 eoae
1017 3653 1078 3699 non
1092 3647 1223 3719 poeaent,
1239 3653 1311 3718 pro·

139 3733 401 3808 bareatueiuitss).
435 3734 567 3820 Corpora
582 3737 645 3824 ipsa
661 3748 778 3812 autem,
802 3742 882 3803 uude
903 3741 969 3805 ittae
990 3741 1313 3822 imagineeettiuereut.
1360 3727 1365 3736 “
1453 3791 1491 3816 ,.
1540 3797 1550 3810 .

139 3869 340 3886 ι--ι-ὑ-

208 3953 251 4017 ²³i
269 3955 398 4028 Nuper-an
410 3959 500 4014 boran
512 3960 637 4016 librorum
651 3960 852 4033 interpretante
866 3965 971 4035 enigma
984 3965 1095 4020 lectione
1107 3981 1155 4018 ooo
1168 3965 1306 4019 offendite·

139 4058 210 4098 nauto
228 4044 375 4100 mirabitur:
396 4048 441 4101 red
461 4048 596 4102 mirabitur
614 4046 726 4103 termo
738 4051 831 4120 eliquia
844 4053 911 4108 burc
921 4053 973 4106 eibi
985 4053 1032 4106 bor
1045 4052 1126 4107 iibroa
1137 4053 1311 4123 interpreten-
1469 4055 1478 4065 '

137 4131 184 4186 ior
195 4133 340 4199 conpetere,

207 4219 249 4281 bit
268 4215 308 4273 Cf.
330 4219 402 4275 Sext.
423 4219 494 4294 Erop.
515 4223 574 4276 aiv.
596 4221 674 4296 Pitye.
696 4222 716 4292 1,
728 4226 777 4279 ibt
799 4221 830 4278 τὸ
852 4223 883 4280 di
905 4221 1005 4281 e'tbe'm
1020 4223 1091 4282 eieci
1110 4225 1163 4281 aba·
1179 4223 1250 4282 aete
1265 4229 1313 4280 :aab

137 4301 294 4406 e'e'pbpproe
310 4307 355 4360 troi
374 4307 480 4363 actem
490 4304 522 4364 ὃν
534 4303 703 4382 ιύδαψονίᾳ
717 4311 847 4384 παρῆλθε
858 4309 929 4366 aare
942 4309 992 4381 τὴν
1003 4307 1063 4367 cini
1077 4313 1134 4370 teir
1149 4307 1316 4388 ἄνθρόηυν

268 4411 276 4438 e
296 4429 303 4442 ι
1217 4411 1221 4418 .

136 4395 326 4542 μεῐᾳξηωσὸὴ.
339 4477 364 4530 ἆ.
375 4488 400 4532 t.
411 4477 436 4532 t.
450 4477 474 4546 i,
489 4479 575 4546 ttt,·tt
585 4495 639 4552 eqo.
