3186 4958
772 487 923 588 Q.

264 680 319 746 nisi
334 677 509 746 connectere
523 679 581 745 hoo
596 677 766 743 membrum
781 697 850 744 cum
865 677 1068 754 antecedente,
1082 680 1208 745 alterum
1225 701 1342 766 neque
1357 701 1427 747 sen·

263 785 383 849 tentiam
400 783 562 866 negativam
578 781 752 866 simpliciter
765 781 909 865 superiori
925 783 1041 859 addere,
1060 793 1101 860 ut,
1117 785 1142 848 si
1154 805 1256 868 graece
1267 785 1341 849 baec
1355 805 1427 851 con·

262 889 399 952 vertenda
415 887 485 962 sint,
501 906 562 950 non
577 876 653 951 odra
674 920 717 934 -
739 877 814 950 odae
836 889 888 950 sod
911 878 1042 952 odde‘-
1060 881 1139 952 οὐδὲ
1153 889 1310 953 dicendum
1328 891 1425 954 luerit.

262 991 381 1074 Aliquot
401 1010 461 1054 uon
482 991 588 1054 ‹lirersi
608 987 723 1074 generis
743 989 876 1074 exempla
896 987 1025 1055 lirilsius
1046 991 1170 1056 contulit
1188 993 1225 1054 ad
1242 993 1309 1056 Sall.
1326 993 1387 1056 Cat.
1402 1013 1428 1058 c.

264 1094 315 1167 58,
333 1097 361 1170 1,
377 1093 426 1176 qui
441 1092 529 1158 ctiam
544 1095 626 1158 bunc
638 1091 732 1156 Taciti
747 1093 844 1156 locum
860 1102 939 1157 recte
951 1094 1160 1180 interpretatus
1171 1105 1231 1160 est:
1248 1114 1428 1178 quamquam

267 1215 343 1281 quos
358 1196 487 1261 conlorri
502 1197 583 1261 iubet
598 1197 768 1279 locos‚.cap.
785 1193 815 1270 8,
831 1196 860 1262 3.
880 1197 926 1272 18,
943 1196 972 1261 3.
989 1197 1041 1273 22,
1058 1201 1088 1275 l,
1104 1197 1176 1262 nibil
1199 1217 1377 1282 magnopere
1393 1200 1429 1264 ad

263 1319 327 1364 rem
346 1299 468 1376 faciunt,
489 1299 634 1382 siquidem
657 1297 688 1360 in
703 1298 784 1362 nullo
800 1317 904 1362 eorum
921 1309 988 1383 post
1004 1300 1132 1385 priorem
1148 1303 1324 1366 sententiam
1342 1321 1431 1386 nega·

264 1405 363 1478 tinam,
380 1423 434 1488 per
448 1423 558 1486 noque
574 1421 641 1467 cum
657 1402 899 1496 antecedentibus
911 1421 1027 1481 nexam,
1043 1404 1133 1469 altera
1145 1403 1216 1469 item
1230 1407 1362 1490 negativa
1377 1425 1432 1491 per

265 1527 381 1592 neque
396 1507 533 1570 adiuncta
547 1513 603 1570 est.

350 1609 1431 1696 Goplx,dzubiconventusaciudioiaposcorent,gravis,

265 1718 448 1792 intentus,
472 1733 626 1781 seuerus
648 1725 686 1780 et
707 1717 856 1801 saepius
877 1717 1114 1797 misericors3
1134 1718 1196 1783 ubi
1216 1718 1348 1782 oliioio
1371 1737 1430 1782 sa·

264 1823 472 1898 timocliam,
498 1821 599 1886 nulla
626 1821 722 1886 ultra
743 1822 951 1906 potestatis
971 1842 1151 1907 persona:
1174 1823 1374 1889 tristitiam
1396 1831 1433 1887 et

264 1926 517 2008 arrogantiam
544 1935 581 1990 ot
605 1925 800 1990 avaritiam
827 1936 991 1992 eruerat.
1022 1929 1056 1992 ln
1077 1929 1235 2011 postremis
1256 1929 1351 1992 sorbis
1371 1945 1433 1990 non

266 2031 374 2095 mirum
390 2040 436 2093 est
451 2031 561 2094 multos
576 2031 750 2094 oltcndisso:
767 2049 836 2094 nam
853 2031 902 2112 qui
917 2031 1035 2095 exuisse
1051 2032 1118 2095 sitia
1133 2033 1249 2105 dicitur,
1266 2031 1290 2095 is
1306 2051 1339 2094 ea
1355 2031 1386 2094 in
1401 2049 1433 2093 so

266 2135 404 2198 babuisse
429 2133 602 2217 attentando,
622 2144 652 2197 et
671 2145 774 2218 postea
795 2135 916 2198 demum
938 2135 1109 2218 deposuisse
1132 2135 1293 2211 uidebitur,
1319 2133 1379 2206 vel,
1400 2141 1434 2197 ut

266 2239 386 2302 lllexius
409 2238 464 2312 ait,
484 2238 534 2320 ‹pui
557 2237 624 2302 sitin
645 2239 789 2322 ‹ptiaedam
811 2238 907 2310 exuit.
929 2239 954 2302 is
973 2248 1059 2302 antea
1075 2239 1109 2302 iis
1124 2238 1298 2302 laboraverit
1312 2256 1432 2302 necesso

267 2351 322 2406 est.
349 2343 403 2406 llic
417 2341 504 2426 igitur
520 2341 595 2407 lianc
610 2349 702 2406 tertam
719 2351 832 2426 partem
849 2351 989 2425 tanquam
1005 2343 1137 2426 spuriam
1153 2343 1312 2407 damnauit.
1340 2341 1433 2405 Oblo-

220 2522 224 2531 1
267 2447 370 2532 rpdtur
384 2448 528 2514 liritaius:
552 2449 724 2525 ,‚eauisse“
745 2447 842 2531 inquit
863 2451 964 2524 „tnon
985 2451 1182 2523 ‹exuarrelrcrn
1198 2447 1359 2521 dictitaris,
1381 2445 1433 2530 spui

267 2573 332 2617 earn
359 2569 438 2630 rem,
464 2572 554 2639 quarn
578 2554 625 2620 alii
648 2555 772 2630 liribont,
797 2553 828 2618 in
848 2573 880 2616 se
900 2570 961 2616 non
977 2552 1096 2617 admisit
1111 2571 1203 2637 caque
1219 2553 1385 2616 immunem
1400 2569 1433 2614 so

268 2659 447 2743 praestitit“.
489 2659 689 2742 Similiterque
717 2659 805 2723 etiam
832 2657 879 2723 alii
907 2657 977 2722 illud
1004 2657 1127 2722 uerbum
1154 2655 1337 2739 interpretati
1363 2664 1434 2720 sunt

268 2782 390 2845 prorsus
411 2765 543 2846 neglecta
564 2764 681 2847 propria
696 2766 759 2827 eius
774 2771 805 2826 et
819 2764 914 2826 natira
930 2762 1151 2846 significatione.
1180 2761 1271 2825 Nobis
1287 2761 1432 2824 aeriorem

267 2867 540 2950 interpretationem
548 2865 668 2930 Tacitus
677 2867 740 2949 ipse
748 2873 929 2930 monstrasse
940 2867 1056 2931 ridetur
1067 2866 1162 2930 verbis
1174 2865 1433 2949 praecedentibus:

268 2972 369 3035 nulla
394 2971 496 3034 ultra
521 2970 721 3054 potestatis
747 2989 924 3054 persona:
951 2989 1048 3053 noque
1074 2969 1152 3034 onim
1175 2970 1303 3034 dubitari
1326 2977 1433 3052 potest,

269 3076 338 3158 quio
355 3075 427 3140 bace
441 3093 621 3159 personae
635 3075 797 3138 similitudo
813 3074 901 3138 ctiam
917 3076 947 3139 in
962 3074 1018 3148 bis,
1034 3093 1110 3157 quae
1121 3075 1262 3138 continuo
1274 3074 1433 3148 adduntur,

268 3180 367 3244 antimo
390 3179 453 3243 eius
473 3179 627 3244 obuersata
647 3179 747 3243 luerit.
777 3179 928 3244 induenda
948 3188 1013 3243 crat
1026 3178 1176 3261 Agricolae
1195 3179 1350 3260 potestatis
1364 3195 1434 3259 por·

268 3301 340 3347 sona
361 3284 411 3348 ubi
432 3285 621 3367 magistratus
641 3283 737 3348 oldaia
759 3291 930 3366 poscerent,
957 3302 1065 3365 resque
1085 3282 1149 3364 ipsa
1169 3281 1297 3355 terebat,
1319 3289 1353 3344 ut
1373 3297 1434 3344 non

270 3406 353 3462 raro,
374 3399 485 3470 quanto
506 3389 648 3452 intentius
669 3387 801 3451 iniuncto
820 3388 876 3451 sibi
896 3405 1020 3450 munero
1035 3386 1222 3466 iungeretur,
1242 3390 1326 3447 tanto
1341 3385 1435 3466 magis

270 3489 315 3566 iis,
331 3491 382 3575 qui
397 3491 527 3572 imperiis
542 3491 605 3553 eius
621 3491 785 3565 coercendi,
807 3489 977 3572 castigandi,
993 3491 1023 3552 in
1038 3489 1172 3553 ordinem
1188 3487 1312 3569 cogendi
1326 3495 1435 3560 essent,

270 3593 358 3657 ctiam
374 3593 484 3670 tristis,
498 3611 649 3676 arrogans,
672 3612 791 3669 aranu,
807 3613 988 3677 quamquam
1004 3609 1066 3655 non
1081 3597 1174 3666 esset,
1194 3610 1261 3654 esse
1276 3599 1377 3654 tamen
1392 3588 1437 3654 ui·

270 3697 398 3760 deretur.
436 3695 538 3780 ltaque
558 3697 677 3762 Tacitus
697 3715 759 3762 uon
779 3697 940 3763 exuendi
958 3697 1048 3761 serbo
1069 3695 1314 3778 significationem
1335 3693 1438 3757 tribuit

270 3801 307 3866 ab
325 3801 390 3864 eius
411 3810 516 3865 natura
538 3801 677 3882 alienam,
692 3803 744 3866 sod
760 3803 887 3868 breuiter
901 3805 964 3886 ipsa
979 3801 1116 3866 uitiorum
1133 3799 1254 3864 nomina
1269 3797 1368 3882 posuit
1383 3815 1438 3880 pro

270 3905 367 3990 specie
386 3905 540 3980 vitiorum,
562 3925 630 3970 cum
652 3907 807 3990 potestatis
828 3925 955 3992 persona
976 3906 1143 3970 coniuncta.
1178 3905 1275 3986 Atque
1295 3901 1338 3966 sie
1356 3901 1439 3965 nune

272 4009 369 4075 locum
385 4009 475 4075 ctiam
490 4031 507 4074 a
522 4009 698 4075 Doederlino
718 4022 822 4078 nostro
837 4013 1013 4097 explicatum
1028 4010 1173 4075 videmus.
1202 4005 1331 4070 atterius
1345 4005 1439 4068 inter-

271 4114 442 4198 pretationis
462 4125 612 4191 auctores,
636 4135 697 4200 quo
718 4136 805 4182 suam
827 4118 864 4182 de
884 4117 975 4182 verbo
994 4120 1148 4181 exuerat
1161 4110 1339 4176 seutentiam
1354 4129 1440 4174 com-

272 4219 490 4302 probarent³)‚
516 4219 596 4285 aliud
620 4219 755 4286 eiusdem
780 4220 1000 4305 significationis
1026 4219 1195 4304 exemplum
1216 4215 1273 4282 sibi
1293 4214 1440 4281 iuvenisse

272 4333 475 4351 *—

342 4387 369 4454 ³)
388 4387 631 4458 Plusqaaraperleed
649 4391 764 4463 exempla
774 4409 789 4446 a
801 4392 896 4448 uento
907 4393 987 4448 citata
998 4391 1096 4446 diversi
1107 4390 1208 4458 pueris
1220 4395 1288 4442 ruat.
1308 4385 1441 4452 signino·

274 4480 317 4526 tur
332 4473 399 4527 auita
418 4491 484 4528 suae
496 4474 559 4528 stttt
571 4475 640 4530 aliud
653 4479 702 4532 utsl
713 4479 835 4533 celarium
846 4477 1046 4533 coereeatiaalaa
1064 4477 1166 4542 atatlm,
1182 4472 1256 4528 simul
1265 4471 1351 4527 alneto
1363 4471 1441 4524 astte·

277 4556 385 4625 ῐιοωι,
401 4577 499 4614 omnen
515 4561 592 4614 ctiam
605 4565 741 4632 potcstatis
753 4581 885 4634 pemseia
897 4573 1000 4619 cautam
1012 4563 1101 4618 lubae.
1112 4560 1163 4642 ‘Cb
1175 4561 1274 4630 Zumpt.
1286 4557 1332 4612 Gr.
1344 4556 1371 4625 1.
1383 4557 1443 4610 5⁰8·

273 4643 317 4698 δὴ
328 4660 369 4716 ap.
382 4645 484 4702 Honor.
497 4645 526 4701 lt.
539 4646 559 4714 l,
571 4647 636 4702 atta
648 4643 664 4718 ἡ
677 4643 703 4703 d'
718 4645 906 4722 Οὔλυμπόνδε
913 4646 1030 4719 pistrinae,
1039 4651 1071 4703 ad
1079 4663 1152 4719 quera
1161 4645 1210 4700 loc.
1220 4641 1443 4711 etuambbaet.
