<?xml version="1.0" encoding="UTF-8"?>
<!DOCTYPE html PUBLIC "-//W3C//DTD XHTML 1.0 Transitional//EN"
    "http://www.w3.org/TR/xhtml1/DTD/xhtml1-transitional.dtd">
<html xmlns="http://www.w3.org/1999/xhtml" xml:lang="en" lang="en">
 <head>
  <title>
</title>
<meta http-equiv="Content-Type" content="text/html;charset=utf-8" />
  <meta name='ocr-system' content='tesseract 3.04.00' />
  <meta name='ocr-capabilities' content='ocr_page ocr_carea ocr_par ocr_line ocrx_word'/>
</head>
<body>
  <div class='ocr_page' id='page_1' title='image "./opusculaacademi00schgoog_0075.png"; bbox 0 0 3266 4958; ppageno 0'>
   <div class='ocr_carea' id='block_1_1' title="bbox 660 435 812 540">
    <p class='ocr_par' dir='ltr' id='par_1_1' title="bbox 660 435 812 540">
     <span class='ocr_line' id='line_1_1' title="bbox 660 435 812 540; baseline 0 -41"><span class='ocrx_word' id='word_1_1' title='bbox 660 435 812 540; x_wconf 50' lang='lat'>„⁵94</span> 
     </span>
    </p>
   </div>
   <div class='ocr_carea' id='block_1_2' title="bbox 116 622 1326 4006">
    <p class='ocr_par' dir='ltr' id='par_1_2' title="bbox 116 622 1326 4006">
     <span class='ocr_line' id='line_1_2' title="bbox 154 622 1317 705; baseline -0.004 -17"><span class='ocrx_word' id='word_1_2' title='bbox 154 631 206 689; x_wconf 88' lang='lat' dir='ltr'>aut</span> <span class='ocrx_word' id='word_1_3' title='bbox 219 623 409 690; x_wconf 87' lang='lat' dir='ltr'>statuendum</span> <span class='ocrx_word' id='word_1_4' title='bbox 424 623 481 690; x_wconf 83' lang='lat' dir='ltr'>erit</span> <span class='ocrx_word' id='word_1_5' title='bbox 500 623 671 705; x_wconf 80' lang='lat' dir='ltr'>Euripidem</span> <span class='ocrx_word' id='word_1_6' title='bbox 691 627 750 690; x_wconf 89' lang='lat' dir='ltr'>hoe</span> <span class='ocrx_word' id='word_1_7' title='bbox 768 627 865 690; x_wconf 82' lang='lat' dir='ltr'>leena</span> <span class='ocrx_word' id='word_1_8' title='bbox 887 633 1053 688; x_wconf 89' lang='lat' dir='ltr'>eeteromm</span> <span class='ocrx_word' id='word_1_9' title='bbox 1074 622 1241 686; x_wconf 73' lang='lat' dir='ltr'>Attieomm</span> <span class='ocrx_word' id='word_1_10' title='bbox 1258 636 1317 683; x_wconf 83' lang='lat' dir='ltr'>usu</span> 
     </span>
     <span class='ocr_line' id='line_1_3' title="bbox 154 723 1317 810; baseline -0.003 -22"><span class='ocrx_word' id='word_1_11' title='bbox 154 728 315 800; x_wconf 71' lang='lat' dir='ltr'>elerssexisse,</span> <span class='ocrx_word' id='word_1_12' title='bbox 329 737 380 792; x_wconf 92' lang='lat' dir='ltr'>ant</span> <span class='ocrx_word' id='word_1_13' title='bbox 394 728 448 792; x_wconf 92' lang='lat' dir='ltr'>alia</span> <span class='ocrx_word' id='word_1_14' title='bbox 464 727 508 791; x_wconf 82' lang='lat' dir='ltr'>rie</span> <span class='ocrx_word' id='word_1_15' title='bbox 519 730 666 792; x_wconf 89' lang='lat' dir='ltr'>tentanda.</span> <span class='ocrx_word' id='word_1_16' title='bbox 693 731 788 810; x_wconf 79' lang='lat' dir='ltr'>dique</span> <span class='ocrx_word' id='word_1_17' title='bbox 804 727 874 790; x_wconf 90' lang='lat' dir='ltr'>illud</span> <span class='ocrx_word' id='word_1_18' title='bbox 889 729 1014 791; x_wconf 86' lang='lat' dir='ltr'>alterum</span> <span class='ocrx_word' id='word_1_19' title='bbox 1030 725 1074 788; x_wconf 89' lang='lat' dir='ltr'>rel</span> <span class='ocrx_word' id='word_1_20' title='bbox 1086 735 1240 807; x_wconf 86' lang='lat' dir='ltr'>prepterea</span> <span class='ocrx_word' id='word_1_21' title='bbox 1254 723 1317 785; x_wconf 90' lang='lat' dir='ltr'>dis·</span> 
     </span>
     <span class='ocr_line' id='line_1_4' title="bbox 154 826 1315 913; baseline -0.002 -25"><span class='ocrx_word' id='word_1_22' title='bbox 154 831 254 912; x_wconf 78' lang='lat' dir='ltr'>plicet,</span> <span class='ocrx_word' id='word_1_23' title='bbox 271 830 350 913; x_wconf 85' lang='lat' dir='ltr'>qrrod</span> <span class='ocrx_word' id='word_1_24' title='bbox 366 847 426 892; x_wconf 91' lang='lat' dir='ltr'>non</span> <span class='ocrx_word' id='word_1_25' title='bbox 447 830 606 893; x_wconf 78' lang='lat' dir='ltr'>inclinatum</span> <span class='ocrx_word' id='word_1_26' title='bbox 621 837 677 899; x_wconf 86' lang='lat' dir='ltr'>cst,</span> <span class='ocrx_word' id='word_1_27' title='bbox 693 831 848 892; x_wconf 85' lang='lat' dir='ltr'>cuirrsuam</span> <span class='ocrx_word' id='word_1_28' title='bbox 863 830 904 892; x_wconf 88' lang='lat' dir='ltr'>rei</span> <span class='ocrx_word' id='word_1_29' title='bbox 919 830 1027 892; x_wconf 73' lang='lat' dir='ltr'>olrlitus</span> <span class='ocrx_word' id='word_1_30' title='bbox 1042 829 1091 900; x_wconf 83' lang='lat' dir='ltr'>sit,</span> <span class='ocrx_word' id='word_1_31' title='bbox 1102 836 1152 888; x_wconf 92' lang='lat' dir='ltr'>aut</span> <span class='ocrx_word' id='word_1_32' title='bbox 1167 826 1238 908; x_wconf 74' lang='lat' dir='ltr'>«prid</span> <span class='ocrx_word' id='word_1_33' title='bbox 1255 843 1315 886; x_wconf 91' lang='lat' dir='ltr'>non</span> 
     </span>
     <span class='ocr_line' id='line_1_5' title="bbox 154 927 1316 1016; baseline -0.005 -20"><span class='ocrx_word' id='word_1_34' title='bbox 154 933 393 997; x_wconf 83' lang='lat' dir='ltr'>animaduerterit</span> <span class='ocrx_word' id='word_1_35' title='bbox 407 933 520 1014; x_wconf 73' lang='lat' dir='ltr'>Apelle.</span> <span class='ocrx_word' id='word_1_36' title='bbox 541 931 615 995; x_wconf 74' lang='lat' dir='ltr'>Nam</span> <span class='ocrx_word' id='word_1_37' title='bbox 630 933 688 1014; x_wconf 68' lang='grc' dir='ltr'>τῆς</span> <span class='ocrx_word' id='word_1_38' title='bbox 703 927 800 1016; x_wconf 48' lang='grc' dir='ltr'><strong><em>τύχῃς</em></strong></span> <span class='ocrx_word' id='word_1_39' title='bbox 811 953 827 994; x_wconf 89' lang='lat' dir='ltr'>e</span> <span class='ocrx_word' id='word_1_40' title='bbox 840 950 926 994; x_wconf 85' lang='lat' dir='ltr'>rersu</span> <span class='ocrx_word' id='word_1_41' title='bbox 940 931 1092 1012; x_wconf 73' lang='lat' dir='ltr'><strong>superiore</strong></span> <span class='ocrx_word' id='word_1_42' title='bbox 1106 928 1254 992; x_wconf 79' lang='lat' dir='ltr'>subaudiri</span> <span class='ocrx_word' id='word_1_43' title='bbox 1270 928 1316 990; x_wconf 80' lang='lat' dir='ltr'>ris</span> 
     </span>
     <span class='ocr_line' id='line_1_6' title="bbox 154 1031 1316 1119; baseline -0.003 -21"><span class='ocrx_word' id='word_1_44' title='bbox 154 1047 267 1119; x_wconf 65' lang='lat' dir='ltr'>potrum</span> <span class='ocrx_word' id='word_1_45' title='bbox 282 1035 358 1098; x_wconf 85' lang='lat' dir='ltr'>lilius</span> <span class='ocrx_word' id='word_1_46' title='bbox 371 1041 482 1106; x_wconf 89' lang='lat' dir='ltr'>aulem,</span> <span class='ocrx_word' id='word_1_47' title='bbox 498 1053 587 1117; x_wconf 87' lang='lat' dir='ltr'>quem</span> <span class='ocrx_word' id='word_1_48' title='bbox 603 1035 736 1098; x_wconf 88' lang='lat' dir='ltr'>nonnulli</span> <span class='ocrx_word' id='word_1_49' title='bbox 750 1035 995 1108; x_wconf 82' lang='lat' dir='ltr'>subanelireruut,</span> <span class='ocrx_word' id='word_1_50' title='bbox 1010 1034 1040 1096; x_wconf 89' lang='lat' dir='ltr'>in</span> <span class='ocrx_word' id='word_1_51' title='bbox 1060 1033 1162 1095; x_wconf 65' lang='lat' dir='ltr'>eleeeern</span> <span class='ocrx_word' id='word_1_52' title='bbox 1185 1031 1316 1094; x_wconf 73' lang='lat' dir='ltr'>versibus</span> 
     </span>
     <span class='ocr_line' id='line_1_7' title="bbox 152 1135 1316 1228; baseline -0.003 -26"><span class='ocrx_word' id='word_1_53' title='bbox 152 1139 353 1222; x_wconf 85' lang='lat' dir='ltr'>superioribus</span> <span class='ocrx_word' id='word_1_54' title='bbox 369 1141 454 1220; x_wconf 90' lang='lat' dir='ltr'>plane</span> <span class='ocrx_word' id='word_1_55' title='bbox 470 1155 530 1228; x_wconf 80' lang='lat' dir='ltr'>nen</span> <span class='ocrx_word' id='word_1_56' title='bbox 547 1148 727 1202; x_wconf 89' lang='lat' dir='ltr'>memoratus</span> <span class='ocrx_word' id='word_1_57' title='bbox 742 1147 798 1202; x_wconf 89' lang='lat' dir='ltr'>est.</span> <span class='ocrx_word' id='word_1_58' title='bbox 837 1139 888 1201; x_wconf 88' lang='lat' dir='ltr'>llis</span> <span class='ocrx_word' id='word_1_59' title='bbox 910 1139 1007 1202; x_wconf 85' lang='lat' dir='ltr'>causis</span> <span class='ocrx_word' id='word_1_60' title='bbox 1028 1147 1180 1218; x_wconf 85' lang='lat' dir='ltr'>permotus</span> <span class='ocrx_word' id='word_1_61' title='bbox 1201 1135 1316 1198; x_wconf 81' lang='lat' dir='ltr'>Saucie-</span> 
     </span>
     <span class='ocr_line' id='line_1_8' title="bbox 154 1241 1317 1314; baseline -0.004 -9"><span class='ocrx_word' id='word_1_62' title='bbox 154 1261 341 1306; x_wconf 84' lang='lat' dir='ltr'>rossensem</span> <span class='ocrx_word' id='word_1_63' title='bbox 358 1241 515 1305; x_wconf 83' lang='lat' dir='ltr'>uerborum</span> <span class='ocrx_word' id='word_1_64' title='bbox 531 1242 610 1305; x_wconf 88' lang='lat' dir='ltr'>hune</span> <span class='ocrx_word' id='word_1_65' title='bbox 623 1263 689 1304; x_wconf 84' lang='lat' dir='ltr'>esse</span> <span class='ocrx_word' id='word_1_66' title='bbox 703 1243 813 1314; x_wconf 84' lang='lat' dir='ltr'>statuit,</span> <span class='ocrx_word' id='word_1_67' title='bbox 830 1253 863 1306; x_wconf 91' lang='lat' dir='ltr'>ut</span> <span class='ocrx_word' id='word_1_68' title='bbox 877 1241 1038 1306; x_wconf 81' lang='lat' dir='ltr'>llereurius</span> <span class='ocrx_word' id='word_1_69' title='bbox 1053 1257 1113 1302; x_wconf 91' lang='lat' dir='ltr'>non</span> <span class='ocrx_word' id='word_1_70' title='bbox 1129 1241 1233 1310; x_wconf 91' lang='lat' dir='ltr'>latere,</span> <span class='ocrx_word' id='word_1_71' title='bbox 1255 1257 1317 1301; x_wconf 92' lang='lat' dir='ltr'>nou</span> 
     </span>
     <span class='ocr_line' id='line_1_9' title="bbox 154 1342 1316 1429; baseline -0.005 -21"><span class='ocrx_word' id='word_1_72' title='bbox 154 1347 313 1410; x_wconf 79' lang='lat' dir='ltr'>olrseurnrn</span> <span class='ocrx_word' id='word_1_73' title='bbox 329 1345 386 1410; x_wconf 75' lang='lat' dir='ltr'>silai</span> <span class='ocrx_word' id='word_1_74' title='bbox 401 1345 491 1408; x_wconf 86' lang='lat' dir='ltr'>rideri</span> <span class='ocrx_word' id='word_1_75' title='bbox 506 1346 593 1420; x_wconf 79' lang='lat' dir='ltr'>dieat,</span> <span class='ocrx_word' id='word_1_76' title='bbox 608 1347 679 1428; x_wconf 81' lang='lat' dir='ltr'>epuiu</span> <span class='ocrx_word' id='word_1_77' title='bbox 691 1348 795 1429; x_wconf 77' lang='lat' dir='ltr'><strong>Apollo</strong></span> <span class='ocrx_word' id='word_1_78' title='bbox 809 1365 873 1410; x_wconf 91' lang='lat' dir='ltr'>rem</span> <span class='ocrx_word' id='word_1_79' title='bbox 890 1347 947 1409; x_wconf 90' lang='lat' dir='ltr'>lrne</span> <span class='ocrx_word' id='word_1_80' title='bbox 961 1343 1129 1408; x_wconf 84' lang='lat' dir='ltr'>deduxerit:</span> <span class='ocrx_word' id='word_1_81' title='bbox 1151 1343 1182 1406; x_wconf 91' lang='lat' dir='ltr'>in</span> <span class='ocrx_word' id='word_1_82' title='bbox 1196 1361 1255 1424; x_wconf 80' lang='lat' dir='ltr'>qna</span> <span class='ocrx_word' id='word_1_83' title='bbox 1270 1342 1316 1405; x_wconf 92' lang='lat' dir='ltr'>in·</span> 
     </span>
     <span class='ocr_line' id='line_1_10' title="bbox 153 1442 1316 1532; baseline -0.002 -21"><span class='ocrx_word' id='word_1_84' title='bbox 153 1451 360 1532; x_wconf 85' lang='lat' dir='ltr'>terpretatioue</span> <span class='ocrx_word' id='word_1_85' title='bbox 375 1450 446 1513; x_wconf 93' lang='lat' dir='ltr'>illud</span> <span class='ocrx_word' id='word_1_86' title='bbox 461 1449 581 1532; x_wconf 79' lang='lat' dir='ltr'>quidem</span> <span class='ocrx_word' id='word_1_87' title='bbox 597 1449 669 1512; x_wconf 88' lang='lat' dir='ltr'>milri</span> <span class='ocrx_word' id='word_1_88' title='bbox 690 1451 847 1532; x_wconf 88' lang='lat' dir='ltr'>probatur,</span> <span class='ocrx_word' id='word_1_89' title='bbox 868 1451 947 1532; x_wconf 84' lang='lat' dir='ltr'>qued</span> <span class='ocrx_word' id='word_1_90' title='bbox 963 1449 1042 1512; x_wconf 82' lang='lat' dir='ltr'>rerlri</span> <span class='ocrx_word' id='word_1_91' title='bbox 1062 1442 1203 1532; x_wconf 65' lang='grc' dir='ltr'><em>λέληθεν</em></span> <span class='ocrx_word' id='word_1_92' title='bbox 1224 1447 1316 1509; x_wconf 87' lang='lat' dir='ltr'>usila·</span> 
     </span>
     <span class='ocr_line' id='line_1_11' title="bbox 153 1547 1316 1637; baseline -0.003 -19"><span class='ocrx_word' id='word_1_93' title='bbox 153 1563 214 1618; x_wconf 88' lang='lat' dir='ltr'>tam</span> <span class='ocrx_word' id='word_1_94' title='bbox 229 1553 471 1636; x_wconf 80' lang='lat' dir='ltr'>significationem</span> <span class='ocrx_word' id='word_1_95' title='bbox 486 1554 620 1628; x_wconf 79' lang='lat' dir='ltr'>serravit,</span> <span class='ocrx_word' id='word_1_96' title='bbox 635 1554 686 1618; x_wconf 87' lang='lat' dir='ltr'>sed</span> <span class='ocrx_word' id='word_1_97' title='bbox 702 1573 756 1637; x_wconf 90' lang='lat' dir='ltr'>pro</span> <span class='ocrx_word' id='word_1_98' title='bbox 771 1547 816 1630; x_wconf 80' lang='grc' dir='ltr'>ὡς</span> <span class='ocrx_word' id='word_1_99' title='bbox 838 1553 929 1618; x_wconf 78' lang='lat' dir='ltr'>desei</span> <span class='ocrx_word' id='word_1_100' title='bbox 942 1552 1136 1625; x_wconf 80' lang='lat' dir='ltr'>Mercurium,</span> <span class='ocrx_word' id='word_1_101' title='bbox 1151 1551 1175 1614; x_wconf 86' lang='lat' dir='ltr'>si</span> <span class='ocrx_word' id='word_1_102' title='bbox 1191 1551 1220 1614; x_wconf 91' lang='lat' dir='ltr'>id</span> <span class='ocrx_word' id='word_1_103' title='bbox 1235 1551 1316 1634; x_wconf 83' lang='lat' dir='ltr'>eprrod</span> 
     </span>
     <span class='ocr_line' id='line_1_12' title="bbox 155 1651 1314 1742; baseline -0.003 -23"><span class='ocrx_word' id='word_1_104' title='bbox 155 1659 306 1722; x_wconf 79' lang='lat' dir='ltr'>sanderus</span> <span class='ocrx_word' id='word_1_105' title='bbox 321 1657 422 1732; x_wconf 88' lang='lat' dir='ltr'>credit,</span> <span class='ocrx_word' id='word_1_106' title='bbox 439 1659 534 1722; x_wconf 81' lang='lat' dir='ltr'>elicere</span> <span class='ocrx_word' id='word_1_107' title='bbox 549 1658 698 1730; x_wconf 77' lang='lat' dir='ltr'>voluisset,</span> <span class='ocrx_word' id='word_1_108' title='bbox 714 1651 758 1733; x_wconf 79' lang='grc' dir='ltr'>ιῦς</span> <span class='ocrx_word' id='word_1_109' title='bbox 770 1653 854 1721; x_wconf 77' lang='lat' dir='ltr'>deaei</span> <span class='ocrx_word' id='word_1_110' title='bbox 869 1659 968 1742; x_wconf 69' lang='lat' dir='ltr'>plotius</span> <span class='ocrx_word' id='word_1_111' title='bbox 982 1657 1129 1721; x_wconf 85' lang='lat' dir='ltr'>dicturum</span> <span class='ocrx_word' id='word_1_112' title='bbox 1142 1655 1233 1719; x_wconf 87' lang='lat' dir='ltr'>luisse</span> <span class='ocrx_word' id='word_1_113' title='bbox 1245 1673 1314 1718; x_wconf 84' lang='lat' dir='ltr'>eerr-</span> 
     </span>
     <span class='ocr_line' id='line_1_13' title="bbox 153 1759 1318 1845; baseline -0.003 -20"><span class='ocrx_word' id='word_1_114' title='bbox 153 1783 215 1836; x_wconf 88' lang='lat' dir='ltr'>seo,</span> <span class='ocrx_word' id='word_1_115' title='bbox 231 1779 327 1844; x_wconf 80' lang='lat' dir='ltr'>neque</span> <span class='ocrx_word' id='word_1_116' title='bbox 342 1762 523 1824; x_wconf 91' lang='lat' dir='ltr'>omissurum</span> <span class='ocrx_word' id='word_1_117' title='bbox 538 1761 673 1836; x_wconf 79' lang='lat' dir='ltr'>sortasse,</span> <span class='ocrx_word' id='word_1_118' title='bbox 689 1763 808 1845; x_wconf 85' lang='lat' dir='ltr'>quinam</span> <span class='ocrx_word' id='word_1_119' title='bbox 825 1773 937 1836; x_wconf 85' lang='lat' dir='ltr'>essent,</span> <span class='ocrx_word' id='word_1_120' title='bbox 959 1781 1034 1841; x_wconf 74' lang='lat' dir='ltr'>epiros</span> <span class='ocrx_word' id='word_1_121' title='bbox 1054 1759 1197 1844; x_wconf 74' lang='lat' dir='ltr'>Apollinis</span> <span class='ocrx_word' id='word_1_122' title='bbox 1218 1761 1318 1822; x_wconf 82' lang='lat' dir='ltr'>consi·</span> 
     </span>
     <span class='ocr_line' id='line_1_14' title="bbox 153 1855 1316 1948; baseline -0.003 -20"><span class='ocrx_word' id='word_1_123' title='bbox 153 1865 225 1928; x_wconf 89' lang='lat' dir='ltr'>lium</span> <span class='ocrx_word' id='word_1_124' title='bbox 240 1881 301 1926; x_wconf 88' lang='lat' dir='ltr'>nen</span> <span class='ocrx_word' id='word_1_125' title='bbox 318 1865 406 1926; x_wconf 86' lang='lat' dir='ltr'>latere</span> <span class='ocrx_word' id='word_1_126' title='bbox 420 1873 545 1946; x_wconf 91' lang='lat' dir='ltr'>putaret.</span> <span class='ocrx_word' id='word_1_127' title='bbox 574 1867 649 1929; x_wconf 81' lang='lat' dir='ltr'>d&#39;anr</span> <span class='ocrx_word' id='word_1_128' title='bbox 663 1867 706 1928; x_wconf 85' lang='lat' dir='ltr'>sie</span> <span class='ocrx_word' id='word_1_129' title='bbox 720 1865 869 1928; x_wconf 89' lang='lat' dir='ltr'>indelinite</span> <span class='ocrx_word' id='word_1_130' title='bbox 884 1867 996 1928; x_wconf 87' lang='lat' dir='ltr'>dietum</span> <span class='ocrx_word' id='word_1_131' title='bbox 1011 1855 1051 1928; x_wconf 80' lang='lat' dir='ltr'>oui</span> <span class='ocrx_word' id='word_1_132' title='bbox 1072 1859 1210 1948; x_wconf 66' lang='grc' dir='ltr'>λέληθεν</span> <span class='ocrx_word' id='word_1_133' title='bbox 1224 1863 1316 1943; x_wconf 79' lang='lat' dir='ltr'>signi·</span> 
     </span>
     <span class='ocr_line' id='line_1_15' title="bbox 153 1965 1317 2050; baseline -0.003 -21"><span class='ocrx_word' id='word_1_134' title='bbox 153 1969 240 2030; x_wconf 84' lang='lat' dir='ltr'>ficare</span> <span class='ocrx_word' id='word_1_135' title='bbox 253 1967 375 2042; x_wconf 80' lang='lat' dir='ltr'>ridetur,</span> <span class='ocrx_word' id='word_1_136' title='bbox 389 1968 538 2030; x_wconf 87' lang='lat' dir='ltr'>neminem</span> <span class='ocrx_word' id='word_1_137' title='bbox 555 1967 583 2030; x_wconf 83' lang='lat' dir='ltr'>iel</span> <span class='ocrx_word' id='word_1_138' title='bbox 600 1969 704 2040; x_wconf 87' lang='lat' dir='ltr'>latere,</span> <span class='ocrx_word' id='word_1_139' title='bbox 728 1969 808 2050; x_wconf 85' lang='lat' dir='ltr'>quael</span> <span class='ocrx_word' id='word_1_140' title='bbox 828 1969 884 2031; x_wconf 88' lang='lat' dir='ltr'>dici</span> <span class='ocrx_word' id='word_1_141' title='bbox 904 1987 920 2030; x_wconf 91' lang='lat' dir='ltr'>a</span> <span class='ocrx_word' id='word_1_142' title='bbox 941 1967 1084 2030; x_wconf 74' lang='lat' dir='ltr'>Mercurio</span> <span class='ocrx_word' id='word_1_143' title='bbox 1104 1983 1163 2028; x_wconf 89' lang='lat' dir='ltr'>nnn</span> <span class='ocrx_word' id='word_1_144' title='bbox 1185 1965 1317 2046; x_wconf 82' lang='lat' dir='ltr'>potuisse</span> 
     </span>
     <span class='ocr_line' id='line_1_16' title="bbox 154 2057 1318 2152; baseline -0.003 -21"><span class='ocrx_word' id='word_1_145' title='bbox 154 2069 345 2132; x_wconf 77' lang='lat' dir='ltr'>manifestum</span> <span class='ocrx_word' id='word_1_146' title='bbox 364 2079 419 2135; x_wconf 86' lang='lat' dir='ltr'>est.</span> <span class='ocrx_word' id='word_1_147' title='bbox 453 2069 611 2150; x_wconf 80' lang='lat' dir='ltr'>scripsisse</span> <span class='ocrx_word' id='word_1_148' title='bbox 637 2071 724 2150; x_wconf 83' lang='lat' dir='ltr'>igitur</span> <span class='ocrx_word' id='word_1_149' title='bbox 744 2071 911 2152; x_wconf 83' lang='lat' dir='ltr'>Euripidem</span> <span class='ocrx_word' id='word_1_150' title='bbox 938 2069 1026 2132; x_wconf 87' lang='lat' dir='ltr'>credo</span> <span class='ocrx_word' id='word_1_151' title='bbox 1046 2060 1107 2130; x_wconf 76' lang='lat' dir='ltr'>enei</span> <span class='ocrx_word' id='word_1_152' title='bbox 1127 2060 1254 2150; x_wconf 69' lang='grc' dir='ltr'><em>λέληθέ</em></span> <span class='ocrx_word' id='word_1_153' title='bbox 1273 2057 1318 2144; x_wconf 87' lang='grc' dir='ltr'>μ’,</span> 
     </span>
     <span class='ocr_line' id='line_1_17' title="bbox 145 2163 1316 2253; baseline -0.003 -21"><span class='ocrx_word' id='word_1_154' title='bbox 145 2163 199 2246; x_wconf 76' lang='grc' dir='ltr'>,ὥς</span> <span class='ocrx_word' id='word_1_155' title='bbox 220 2169 326 2232; x_wconf 78' lang='lat' dir='ltr'>desei:</span> <span class='ocrx_word' id='word_1_156' title='bbox 350 2188 421 2234; x_wconf 90' lang='lat' dir='ltr'>non</span> <span class='ocrx_word' id='word_1_157' title='bbox 444 2172 615 2243; x_wconf 85' lang='lat' dir='ltr'>melatet,</span> <span class='ocrx_word' id='word_1_158' title='bbox 638 2181 677 2234; x_wconf 94' lang='lat' dir='ltr'>ut</span> <span class='ocrx_word' id='word_1_159' title='bbox 690 2178 807 2253; x_wconf 89' lang='lat' dir='ltr'>putat.</span> <span class='ocrx_word' id='word_1_160' title='bbox 837 2172 970 2234; x_wconf 79' lang='lat' dir='ltr'>Cernlerri</span> <span class='ocrx_word' id='word_1_161' title='bbox 985 2177 1083 2252; x_wconf 87' lang='lat' dir='ltr'>potest</span> <span class='ocrx_word' id='word_1_162' title='bbox 1097 2169 1185 2230; x_wconf 87' lang='lat' dir='ltr'>lllres.</span> <span class='ocrx_word' id='word_1_163' title='bbox 1201 2187 1228 2228; x_wconf 87' lang='grc' dir='ltr'>ι.</span> <span class='ocrx_word' id='word_1_164' title='bbox 1243 2167 1316 2241; x_wconf 77' lang='grc'><strong>937,</strong></span> 
     </span>
     <span class='ocr_line' id='line_1_18' title="bbox 154 2269 1318 2355; baseline -0.003 -21"><span class='ocrx_word' id='word_1_165' title='bbox 154 2272 204 2334; x_wconf 92' lang='lat' dir='ltr'>ubi</span> <span class='ocrx_word' id='word_1_166' title='bbox 223 2273 304 2334; x_wconf 85' lang='lat' dir='ltr'>lllnsa</span> <span class='ocrx_word' id='word_1_167' title='bbox 326 2271 472 2334; x_wconf 85' lang='lat' dir='ltr'>llinerrae</span> <span class='ocrx_word' id='word_1_168' title='bbox 491 2273 688 2354; x_wconf 76' lang='lat' dir='ltr'>exprobrans,</span> <span class='ocrx_word' id='word_1_169' title='bbox 717 2274 795 2355; x_wconf 86' lang='lat' dir='ltr'>quod</span> <span class='ocrx_word' id='word_1_170' title='bbox 819 2275 882 2336; x_wconf 87' lang='lat' dir='ltr'>eins</span> <span class='ocrx_word' id='word_1_171' title='bbox 902 2273 1024 2336; x_wconf 84' lang='lat' dir='ltr'>consilio</span> <span class='ocrx_word' id='word_1_172' title='bbox 1045 2271 1161 2333; x_wconf 85' lang='lat' dir='ltr'>lihesus</span> <span class='ocrx_word' id='word_1_173' title='bbox 1182 2269 1219 2332; x_wconf 87' lang='lat' dir='ltr'>ab</span> <span class='ocrx_word' id='word_1_174' title='bbox 1236 2270 1318 2332; x_wconf 77' lang='lat' dir='ltr'>Elias</span> 
     </span>
     <span class='ocr_line' id='line_1_19' title="bbox 153 2370 1318 2458; baseline -0.003 -24"><span class='ocrx_word' id='word_1_175' title='bbox 153 2383 184 2435; x_wconf 90' lang='lat' dir='ltr'>et</span> <span class='ocrx_word' id='word_1_176' title='bbox 200 2373 340 2436; x_wconf 83' lang='lat' dir='ltr'>lliomeele</span> <span class='ocrx_word' id='word_1_177' title='bbox 355 2374 528 2436; x_wconf 84' lang='lat' dir='ltr'>interiectus</span> <span class='ocrx_word' id='word_1_178' title='bbox 542 2374 590 2446; x_wconf 88' lang='lat' dir='ltr'>sit,</span> <span class='ocrx_word' id='word_1_179' title='bbox 605 2372 651 2458; x_wconf 73' lang='grc' dir='ltr'><strong><em>μή</em></strong></span> <span class='ocrx_word' id='word_1_180' title='bbox 675 2370 767 2438; x_wconf 78' lang='grc' dir='ltr'>δόκει</span> <span class='ocrx_word' id='word_1_181' title='bbox 790 2371 981 2458; x_wconf 69' lang='grc' dir='ltr'>λεληθέναι,</span> <span class='ocrx_word' id='word_1_182' title='bbox 996 2373 1051 2445; x_wconf 81' lang='grc' dir='ltr'>ιιι,</span> <span class='ocrx_word' id='word_1_183' title='bbox 1072 2371 1147 2434; x_wconf 89' lang='lat' dir='ltr'>noli</span> <span class='ocrx_word' id='word_1_184' title='bbox 1167 2371 1318 2434; x_wconf 87' lang='lat' dir='ltr'>eredere</span> 
     </span>
     <span class='ocr_line' id='line_1_20' title="bbox 156 2473 1317 2558; baseline -0.004 -20"><span class='ocrx_word' id='word_1_185' title='bbox 156 2477 225 2538; x_wconf 91' lang='lat' dir='ltr'>lroe</span> <span class='ocrx_word' id='word_1_186' title='bbox 239 2476 367 2538; x_wconf 90' lang='lat' dir='ltr'>latere.</span> <span class='ocrx_word' id='word_1_187' title='bbox 398 2477 515 2540; x_wconf 81' lang='lat' dir='ltr'>Scilicet</span> <span class='ocrx_word' id='word_1_188' title='bbox 529 2477 658 2558; x_wconf 86' lang='lat' dir='ltr'>pudebat</span> <span class='ocrx_word' id='word_1_189' title='bbox 672 2477 838 2558; x_wconf 72' lang='lat' dir='ltr'>elprellinem</span> <span class='ocrx_word' id='word_1_190' title='bbox 853 2477 921 2538; x_wconf 90' lang='lat' dir='ltr'>lacti</span> <span class='ocrx_word' id='word_1_191' title='bbox 936 2476 996 2546; x_wconf 84' lang='lat' dir='ltr'>sui,</span> <span class='ocrx_word' id='word_1_192' title='bbox 1017 2475 1045 2536; x_wconf 88' lang='lat' dir='ltr'>id</span> <span class='ocrx_word' id='word_1_193' title='bbox 1061 2475 1141 2555; x_wconf 86' lang='lat' dir='ltr'>qued</span> <span class='ocrx_word' id='word_1_194' title='bbox 1161 2475 1255 2550; x_wconf 53' lang='lat' dir='ltr'>etiam,</span> <span class='ocrx_word' id='word_1_195' title='bbox 1270 2473 1317 2534; x_wconf 94' lang='lat' dir='ltr'>lo-</span> 
     </span>
     <span class='ocr_line' id='line_1_21' title="bbox 154 2571 1318 2662; baseline -0.002 -22"><span class='ocrx_word' id='word_1_196' title='bbox 154 2597 223 2640; x_wconf 90' lang='lat' dir='ltr'>nem</span> <span class='ocrx_word' id='word_1_197' title='bbox 239 2595 300 2640; x_wconf 90' lang='lat' dir='ltr'>non</span> <span class='ocrx_word' id='word_1_198' title='bbox 312 2577 395 2659; x_wconf 79' lang='lat' dir='ltr'>lugit,</span> <span class='ocrx_word' id='word_1_199' title='bbox 411 2599 438 2641; x_wconf 82' lang='grc' dir='ltr'>ι.</span> <span class='ocrx_word' id='word_1_200' title='bbox 451 2579 523 2652; x_wconf 83' lang='grc'>381,</span> <span class='ocrx_word' id='word_1_201' title='bbox 539 2571 729 2656; x_wconf 72' lang='grc' dir='ltr'>αἰσχύνεται</span> <span class='ocrx_word' id='word_1_202' title='bbox 743 2575 782 2642; x_wconf 80' lang='lat' dir='ltr'>rei</span> <span class='ocrx_word' id='word_1_203' title='bbox 799 2578 946 2662; x_wconf 80' lang='grc' dir='ltr'><em>πρᾶγμα,</em></span> <span class='ocrx_word' id='word_1_204' title='bbox 962 2579 1175 2660; x_wconf 82' lang='lat' dir='ltr'>profiteturque</span> <span class='ocrx_word' id='word_1_205' title='bbox 1191 2575 1318 2638; x_wconf 77' lang='lat' dir='ltr'>tlinerea</span> 
     </span>
     <span class='ocr_line' id='line_1_22' title="bbox 155 2679 1318 2763; baseline 0 -21"><span class='ocrx_word' id='word_1_206' title='bbox 155 2703 181 2743; x_wconf 90' lang='lat' dir='ltr'>v.</span> <span class='ocrx_word' id='word_1_207' title='bbox 203 2681 291 2755; x_wconf 78' lang='lat'>1577,</span> <span class='ocrx_word' id='word_1_208' title='bbox 306 2699 443 2763; x_wconf 82' lang='lat' dir='ltr'>querare</span> <span class='ocrx_word' id='word_1_209' title='bbox 459 2683 602 2763; x_wconf 89' lang='lat' dir='ltr'>patelaeta</span> <span class='ocrx_word' id='word_1_210' title='bbox 614 2684 841 2746; x_wconf 79' lang='lat' dir='ltr'>verecundarum</span> <span class='ocrx_word' id='word_1_211' title='bbox 858 2683 938 2746; x_wconf 90' lang='lat' dir='ltr'>illum</span> <span class='ocrx_word' id='word_1_212' title='bbox 964 2702 1029 2744; x_wconf 88' lang='lat' dir='ltr'>esse</span> <span class='ocrx_word' id='word_1_213' title='bbox 1050 2679 1135 2752; x_wconf 80' lang='lat' dir='ltr'>dicit,</span> <span class='ocrx_word' id='word_1_214' title='bbox 1158 2679 1318 2760; x_wconf 75' lang='lat' dir='ltr'>quominus</span> 
     </span>
     <span class='ocr_line' id='line_1_23' title="bbox 155 2777 1318 2868; baseline -0.003 -21"><span class='ocrx_word' id='word_1_215' title='bbox 155 2785 217 2867; x_wconf 85' lang='lat' dir='ltr'>ipse</span> <span class='ocrx_word' id='word_1_216' title='bbox 233 2784 262 2846; x_wconf 90' lang='lat' dir='ltr'>in</span> <span class='ocrx_word' id='word_1_217' title='bbox 277 2794 430 2866; x_wconf 83' lang='lat' dir='ltr'>asprectum</span> <span class='ocrx_word' id='word_1_218' title='bbox 445 2787 571 2849; x_wconf 78' lang='lat' dir='ltr'>Creusae</span> <span class='ocrx_word' id='word_1_219' title='bbox 584 2785 693 2868; x_wconf 81' lang='lat' dir='ltr'>filiique</span> <span class='ocrx_word' id='word_1_220' title='bbox 708 2786 753 2849; x_wconf 92' lang='lat' dir='ltr'>sui</span> <span class='ocrx_word' id='word_1_221' title='bbox 769 2786 910 2866; x_wconf 91' lang='lat' dir='ltr'>prodiret,</span> <span class='ocrx_word' id='word_1_222' title='bbox 925 2781 968 2867; x_wconf 70' lang='lat' dir='ltr'>per)</span> <span class='ocrx_word' id='word_1_223' title='bbox 992 2781 1056 2845; x_wconf 80' lang='grc' dir='ltr'>τῶν</span> <span class='ocrx_word' id='word_1_224' title='bbox 1071 2777 1222 2862; x_wconf 67' lang='grc' dir='ltr'>πάροιθε</span> <span class='ocrx_word' id='word_1_225' title='bbox 1235 2777 1318 2862; x_wconf 76' lang='grc' dir='ltr'><strong><em>μέμ·</em></strong></span> 
     </span>
     <span class='ocr_line' id='line_1_24' title="bbox 157 2877 1321 2972; baseline -0.001 -23"><span class='ocrx_word' id='word_1_226' title='bbox 157 2896 219 2972; x_wconf 67' lang='lat' dir='ltr'>nire</span> <span class='ocrx_word' id='word_1_227' title='bbox 241 2877 288 2961; x_wconf 77' lang='grc' dir='ltr'>εἷς</span> <span class='ocrx_word' id='word_1_228' title='bbox 309 2880 410 2966; x_wconf 77' lang='grc' dir='ltr'><em>μέσον</em></span> <span class='ocrx_word' id='word_1_229' title='bbox 430 2881 527 2972; x_wconf 79' lang='grc' dir='ltr'><em>μόλῃ.</em></span> <span class='ocrx_word' id='word_1_230' title='bbox 554 2889 656 2970; x_wconf 83' lang='lat' dir='ltr'>ltaque</span> <span class='ocrx_word' id='word_1_231' title='bbox 671 2887 740 2951; x_wconf 91' lang='lat' dir='ltr'>illud</span> <span class='ocrx_word' id='word_1_232' title='bbox 756 2889 876 2969; x_wconf 83' lang='lat' dir='ltr'>quidem</span> <span class='ocrx_word' id='word_1_233' title='bbox 891 2888 1034 2950; x_wconf 84' lang='lat' dir='ltr'>llereurio</span> <span class='ocrx_word' id='word_1_234' title='bbox 1055 2895 1224 2968; x_wconf 91' lang='lat' dir='ltr'>aperuerat,</span> <span class='ocrx_word' id='word_1_235' title='bbox 1246 2904 1321 2968; x_wconf 90' lang='lat' dir='ltr'>pue·</span> 
     </span>
     <span class='ocr_line' id='line_1_25' title="bbox 154 2989 1321 3073; baseline -0.002 -19"><span class='ocrx_word' id='word_1_236' title='bbox 154 3009 237 3064; x_wconf 85' lang='lat' dir='ltr'>rrrrrr,</span> <span class='ocrx_word' id='word_1_237' title='bbox 250 3008 340 3072; x_wconf 85' lang='lat' dir='ltr'>quem</span> <span class='ocrx_word' id='word_1_238' title='bbox 355 2991 424 3054; x_wconf 90' lang='lat' dir='ltr'>lmie</span> <span class='ocrx_word' id='word_1_239' title='bbox 439 2990 568 3072; x_wconf 87' lang='lat' dir='ltr'>llelphos</span> <span class='ocrx_word' id='word_1_240' title='bbox 583 2991 798 3073; x_wconf 87' lang='lat' dir='ltr'>deportandum</span> <span class='ocrx_word' id='word_1_241' title='bbox 820 2991 992 3062; x_wconf 77' lang='lat' dir='ltr'>rnandelrat,</span> <span class='ocrx_word' id='word_1_242' title='bbox 1013 3007 1102 3052; x_wconf 88' lang='lat' dir='ltr'>snum</span> <span class='ocrx_word' id='word_1_243' title='bbox 1120 3009 1187 3052; x_wconf 90' lang='lat' dir='ltr'>esse</span> <span class='ocrx_word' id='word_1_244' title='bbox 1207 2989 1321 3070; x_wconf 80' lang='lat' dir='ltr'>silriepue</span> 
     </span>
     <span class='ocr_line' id='line_1_26' title="bbox 155 3091 1323 3178; baseline -0.003 -22"><span class='ocrx_word' id='word_1_245' title='bbox 155 3111 242 3157; x_wconf 84' lang='lat' dir='ltr'>rurae</span> <span class='ocrx_word' id='word_1_246' title='bbox 252 3093 332 3169; x_wconf 76' lang='lat' dir='ltr'>lore3</span> <span class='ocrx_word' id='word_1_247' title='bbox 348 3093 520 3177; x_wconf 80' lang='lat' dir='ltr'>sedreliqna</span> <span class='ocrx_word' id='word_1_248' title='bbox 532 3095 641 3170; x_wconf 88' lang='lat' dir='ltr'>omnia,</span> <span class='ocrx_word' id='word_1_249' title='bbox 652 3103 686 3158; x_wconf 91' lang='lat' dir='ltr'>ut</span> <span class='ocrx_word' id='word_1_250' title='bbox 697 3095 816 3178; x_wconf 88' lang='lat' dir='ltr'>perrim</span> <span class='ocrx_word' id='word_1_251' title='bbox 827 3098 967 3158; x_wconf 81' lang='lat' dir='ltr'>Creusam</span> <span class='ocrx_word' id='word_1_252' title='bbox 979 3092 1205 3175; x_wconf 77' lang='lat' dir='ltr'>cerrrpressisset</span> <span class='ocrx_word' id='word_1_253' title='bbox 1216 3091 1323 3173; x_wconf 72' lang='lat' dir='ltr'>quidve</span> 
     </span>
     <span class='ocr_line' id='line_1_27' title="bbox 155 3195 1322 3280; baseline -0.002 -20"><span class='ocrx_word' id='word_1_254' title='bbox 155 3197 267 3260; x_wconf 85' lang='lat' dir='ltr'>corrsilii</span> <span class='ocrx_word' id='word_1_255' title='bbox 283 3197 417 3279; x_wconf 86' lang='lat' dir='ltr'>cepisset,</span> <span class='ocrx_word' id='word_1_256' title='bbox 433 3215 493 3280; x_wconf 78' lang='lat' dir='ltr'>quer</span> <span class='ocrx_word' id='word_1_257' title='bbox 509 3215 583 3280; x_wconf 91' lang='lat' dir='ltr'>pner</span> <span class='ocrx_word' id='word_1_258' title='bbox 597 3200 716 3262; x_wconf 88' lang='lat' dir='ltr'>landem</span> <span class='ocrx_word' id='word_1_259' title='bbox 730 3197 888 3279; x_wconf 79' lang='lat' dir='ltr'>aliquando</span> <span class='ocrx_word' id='word_1_260' title='bbox 904 3197 1028 3261; x_wconf 86' lang='lat' dir='ltr'>nriserae</span> <span class='ocrx_word' id='word_1_261' title='bbox 1041 3195 1129 3259; x_wconf 87' lang='lat' dir='ltr'>matri</span> <span class='ocrx_word' id='word_1_262' title='bbox 1140 3195 1322 3269; x_wconf 76' lang='lat' dir='ltr'>melderetur,</span> 
     </span>
     <span class='ocr_line' id='line_1_28' title="bbox 156 3297 1325 3386; baseline -0.002 -22"><span class='ocrx_word' id='word_1_263' title='bbox 156 3301 322 3365; x_wconf 85' lang='lat' dir='ltr'>reticuerat.</span> <span class='ocrx_word' id='word_1_264' title='bbox 354 3300 431 3364; x_wconf 89' lang='lat' dir='ltr'>llaee</span> <span class='ocrx_word' id='word_1_265' title='bbox 452 3301 539 3383; x_wconf 76' lang='lat' dir='ltr'>igitur</span> <span class='ocrx_word' id='word_1_266' title='bbox 553 3301 728 3380; x_wconf 90' lang='lat' dir='ltr'>llereurins,</span> <span class='ocrx_word' id='word_1_267' title='bbox 748 3322 838 3386; x_wconf 84' lang='lat' dir='ltr'>quem</span> <span class='ocrx_word' id='word_1_268' title='bbox 859 3311 1091 3366; x_wconf 85' lang='lat' dir='ltr'>eorrsentaneum</span> <span class='ocrx_word' id='word_1_269' title='bbox 1112 3310 1159 3380; x_wconf 83' lang='lat' dir='ltr'>est</span> <span class='ocrx_word' id='word_1_270' title='bbox 1177 3297 1325 3382; x_wconf 77' lang='lat' dir='ltr'>puerulis</span> 
     </span>
     <span class='ocr_line' id='line_1_29' title="bbox 156 3405 1326 3490; baseline -0.002 -22"><span class='ocrx_word' id='word_1_271' title='bbox 156 3424 188 3468; x_wconf 86' lang='lat' dir='ltr'>so</span> <span class='ocrx_word' id='word_1_272' title='bbox 203 3405 308 3468; x_wconf 84' lang='lat' dir='ltr'>servati</span> <span class='ocrx_word' id='word_1_273' title='bbox 320 3415 432 3469; x_wconf 86' lang='lat' dir='ltr'>sortem</span> <span class='ocrx_word' id='word_1_274' title='bbox 447 3406 578 3470; x_wconf 87' lang='lat' dir='ltr'>luteram</span> <span class='ocrx_word' id='word_1_275' title='bbox 591 3425 653 3470; x_wconf 89' lang='lat' dir='ltr'>nou</span> <span class='ocrx_word' id='word_1_276' title='bbox 667 3408 730 3472; x_wconf 89' lang='lat' dir='ltr'>sine</span> <span class='ocrx_word' id='word_1_277' title='bbox 741 3408 839 3490; x_wconf 86' lang='lat' dir='ltr'>aliquo</span> <span class='ocrx_word' id='word_1_278' title='bbox 852 3407 1049 3471; x_wconf 83' lang='lat' dir='ltr'>nriserationis</span> <span class='ocrx_word' id='word_1_279' title='bbox 1060 3418 1091 3470; x_wconf 90' lang='lat' dir='ltr'>et</span> <span class='ocrx_word' id='word_1_280' title='bbox 1100 3405 1208 3470; x_wconf 81' lang='lat' dir='ltr'>laseris</span> <span class='ocrx_word' id='word_1_281' title='bbox 1219 3407 1326 3467; x_wconf 81' lang='lat' dir='ltr'>ellectu</span> 
     </span>
     <span class='ocr_line' id='line_1_30' title="bbox 156 3509 1326 3592; baseline 0.003 -23"><span class='ocrx_word' id='word_1_282' title='bbox 156 3517 335 3588; x_wconf 81' lang='lat' dir='ltr'>expectasse,</span> <span class='ocrx_word' id='word_1_283' title='bbox 350 3509 457 3590; x_wconf 85' lang='lat' dir='ltr'>partim</span> <span class='ocrx_word' id='word_1_284' title='bbox 471 3509 534 3592; x_wconf 89' lang='lat' dir='ltr'>ipse</span> <span class='ocrx_word' id='word_1_285' title='bbox 544 3511 697 3591; x_wconf 79' lang='lat' dir='ltr'>indagavit,</span> <span class='ocrx_word' id='word_1_286' title='bbox 709 3511 815 3591; x_wconf 89' lang='lat' dir='ltr'>partim</span> <span class='ocrx_word' id='word_1_287' title='bbox 827 3511 995 3575; x_wconf 87' lang='lat' dir='ltr'>coniectura</span> <span class='ocrx_word' id='word_1_288' title='bbox 1005 3509 1153 3583; x_wconf 79' lang='lat' dir='ltr'>divinarit,</span> <span class='ocrx_word' id='word_1_289' title='bbox 1164 3520 1254 3591; x_wconf 83' lang='lat' dir='ltr'>alque</span> <span class='ocrx_word' id='word_1_290' title='bbox 1269 3509 1326 3572; x_wconf 82' lang='lat' dir='ltr'>lroc</span> 
     </span>
     <span class='ocr_line' id='line_1_31' title="bbox 155 3603 1325 3697; baseline 0.003 -25"><span class='ocrx_word' id='word_1_291' title='bbox 155 3611 287 3692; x_wconf 83' lang='lat' dir='ltr'>estquod</span> <span class='ocrx_word' id='word_1_292' title='bbox 294 3611 373 3684; x_wconf 89' lang='lat' dir='ltr'>dicit,</span> <span class='ocrx_word' id='word_1_293' title='bbox 384 3603 444 3674; x_wconf 80' lang='grc' dir='ltr'>κού</span> <span class='ocrx_word' id='word_1_294' title='bbox 454 3606 577 3697; x_wconf 71' lang='grc' dir='ltr'><em>λέληθέ</em></span> <span class='ocrx_word' id='word_1_295' title='bbox 584 3606 617 3694; x_wconf 87' lang='grc' dir='ltr'>μ’</span> <span class='ocrx_word' id='word_1_296' title='bbox 628 3604 674 3688; x_wconf 76' lang='grc' dir='ltr'>ὥς</span> <span class='ocrx_word' id='word_1_297' title='bbox 685 3611 784 3678; x_wconf 77' lang='grc' dir='ltr'><strong><em>δοκεῖ.</em></strong></span> <span class='ocrx_word' id='word_1_298' title='bbox 801 3615 1099 3696; x_wconf 86' lang='lat' dir='ltr'>Ceterunrnonplane</span> <span class='ocrx_word' id='word_1_299' title='bbox 1111 3623 1211 3676; x_wconf 88' lang='lat' dir='ltr'>tamen</span> <span class='ocrx_word' id='word_1_300' title='bbox 1224 3613 1325 3676; x_wconf 84' lang='lat' dir='ltr'>omnia</span> 
     </span>
     <span class='ocr_line' id='line_1_32' title="bbox 116 3713 1323 3802; baseline -0.002 -22"><span class='ocrx_word' id='word_1_301' title='bbox 116 3795 119 3802; x_wconf 25' lang='grc' dir='ltr'>Ι</span> <span class='ocrx_word' id='word_1_302' title='bbox 155 3713 874 3798; x_wconf 79' lang='lat' dir='ltr'>sicutllereuriussuspicaturerenireridemus.</span> <span class='ocrx_word' id='word_1_303' title='bbox 890 3717 1323 3792; x_wconf 62' lang='lat' dir='ltr'>Nouenimrltluenisdemum,</span> 
     </span>
     <span class='ocr_line' id='line_1_33' title="bbox 159 3804 1324 3903; baseline 0.003 -21"><span class='ocrx_word' id='word_1_304' title='bbox 159 3817 411 3901; x_wconf 84' lang='lat' dir='ltr'>quemadmodum</span> <span class='ocrx_word' id='word_1_305' title='bbox 431 3837 457 3880; x_wconf 83' lang='lat' dir='ltr'>r.</span> <span class='ocrx_word' id='word_1_306' title='bbox 476 3819 514 3880; x_wconf 80' lang='lat' dir='ltr'>tl</span> <span class='ocrx_word' id='word_1_307' title='bbox 538 3820 593 3894; x_wconf 87' lang='lat' dir='ltr'>ait,</span> <span class='ocrx_word' id='word_1_308' title='bbox 614 3820 666 3882; x_wconf 83' lang='lat' dir='ltr'>sed</span> <span class='ocrx_word' id='word_1_309' title='bbox 686 3820 744 3882; x_wconf 91' lang='lat' dir='ltr'>iam</span> <span class='ocrx_word' id='word_1_310' title='bbox 767 3821 883 3903; x_wconf 85' lang='lat' dir='ltr'>llelplris</span> <span class='ocrx_word' id='word_1_311' title='bbox 904 3804 980 3903; x_wconf 90' lang='lat' dir='ltr'>puer</span> <span class='ocrx_word' id='word_1_312' title='bbox 996 3839 1013 3883; x_wconf 88' lang='lat' dir='ltr'>a</span> <span class='ocrx_word' id='word_1_313' title='bbox 1031 3831 1125 3884; x_wconf 88' lang='lat' dir='ltr'>matre</span> <span class='ocrx_word' id='word_1_314' title='bbox 1145 3822 1324 3903; x_wconf 77' lang='lat' dir='ltr'>agnoscitur,</span> 
     </span>
     <span class='ocr_line' id='line_1_34' title="bbox 156 3919 1325 4006; baseline 0.004 -22"><span class='ocrx_word' id='word_1_315' title='bbox 156 3939 418 4002; x_wconf 83' lang='lat' dir='ltr'>compresssmque</span> <span class='ocrx_word' id='word_1_316' title='bbox 429 3919 466 3984; x_wconf 85' lang='lat' dir='ltr'>alr</span> <span class='ocrx_word' id='word_1_317' title='bbox 480 3921 614 4004; x_wconf 81' lang='lat' dir='ltr'>Apolline</span> <span class='ocrx_word' id='word_1_318' title='bbox 628 3922 768 3987; x_wconf 83' lang='lat' dir='ltr'>Creusam</span> <span class='ocrx_word' id='word_1_319' title='bbox 784 3944 859 3998; x_wconf 85' lang='lat' dir='ltr'>esse,</span> <span class='ocrx_word' id='word_1_320' title='bbox 871 3923 901 3988; x_wconf 85' lang='lat' dir='ltr'>iel</span> <span class='ocrx_word' id='word_1_321' title='bbox 916 3924 996 4006; x_wconf 86' lang='lat' dir='ltr'>qued</span> <span class='ocrx_word' id='word_1_322' title='bbox 1007 3943 1035 3987; x_wconf 86' lang='grc' dir='ltr'>ιι.</span> <span class='ocrx_word' id='word_1_323' title='bbox 1048 3923 1099 3987; x_wconf 82' lang='grc'>72.</span> <span class='ocrx_word' id='word_1_324' title='bbox 1117 3923 1168 3988; x_wconf 83' lang='grc'>73.</span> <span class='ocrx_word' id='word_1_325' title='bbox 1179 3924 1261 3990; x_wconf 83' lang='lat' dir='ltr'>lruue</span> <span class='ocrx_word' id='word_1_326' title='bbox 1270 3945 1325 3989; x_wconf 83' lang='lat' dir='ltr'>ce·</span> 
     </span>
    </p>
   </div>
   <div class='ocr_carea' id='block_1_3' title="bbox 40 4022 1324 4108">
    <p class='ocr_par' dir='ltr' id='par_1_3' title="bbox 40 4022 1324 4108">
     <span class='ocr_line' id='line_1_35' title="bbox 40 4022 1324 4108; baseline 0.005 -21"><span class='ocrx_word' id='word_1_327' title='bbox 40 4056 42 4060; x_wconf 93' lang='lat'>·</span> <span class='ocrx_word' id='word_1_328' title='bbox 156 4022 209 4088; x_wconf 89' lang='lat' dir='ltr'>lari</span> <span class='ocrx_word' id='word_1_329' title='bbox 225 4023 296 4086; x_wconf 85' lang='lat' dir='ltr'>velle</span> <span class='ocrx_word' id='word_1_330' title='bbox 310 4024 359 4100; x_wconf 88' lang='lat' dir='ltr'>ait,</span> <span class='ocrx_word' id='word_1_331' title='bbox 374 4041 471 4106; x_wconf 83' lang='lat' dir='ltr'>neque</span> <span class='ocrx_word' id='word_1_332' title='bbox 488 4025 588 4090; x_wconf 88' lang='lat' dir='ltr'>leuem</span> <span class='ocrx_word' id='word_1_333' title='bbox 604 4045 700 4108; x_wconf 87' lang='lat' dir='ltr'>neque</span> <span class='ocrx_word' id='word_1_334' title='bbox 710 4027 820 4092; x_wconf 77' lang='lat' dir='ltr'>Atticas</span> <span class='ocrx_word' id='word_1_335' title='bbox 835 4027 973 4090; x_wconf 89' lang='lat' dir='ltr'>mulieres</span> <span class='ocrx_word' id='word_1_336' title='bbox 989 4027 1117 4092; x_wconf 86' lang='lat' dir='ltr'>Creusae</span> <span class='ocrx_word' id='word_1_337' title='bbox 1132 4027 1258 4094; x_wconf 86' lang='lat' dir='ltr'>comites</span> <span class='ocrx_word' id='word_1_338' title='bbox 1269 4047 1324 4094; x_wconf 88' lang='lat' dir='ltr'>ue·</span> 
     </span>
    </p>
   </div>
   <div class='ocr_carea' id='block_1_4' title="bbox 158 4120 1190 4211">
    <p class='ocr_par' dir='ltr' id='par_1_4' title="bbox 158 4120 1190 4211">
     <span class='ocr_line' id='line_1_36' title="bbox 158 4120 1190 4211; baseline 0.006 -22"><span class='ocrx_word' id='word_1_339' title='bbox 158 4145 215 4209; x_wconf 86' lang='lat' dir='ltr'>que</span> <span class='ocrx_word' id='word_1_340' title='bbox 226 4125 289 4190; x_wconf 89' lang='lat' dir='ltr'>eius</span> <span class='ocrx_word' id='word_1_341' title='bbox 302 4120 405 4190; x_wconf 86' lang='lat' dir='ltr'>senem</span> <span class='ocrx_word' id='word_1_342' title='bbox 419 4127 631 4211; x_wconf 81' lang='lat' dir='ltr'>paedagogum,</span> <span class='ocrx_word' id='word_1_343' title='bbox 645 4129 698 4194; x_wconf 84' lang='lat' dir='ltr'>sed</span> <span class='ocrx_word' id='word_1_344' title='bbox 712 4149 806 4196; x_wconf 88' lang='lat' dir='ltr'>unum</span> <span class='ocrx_word' id='word_1_345' title='bbox 818 4131 943 4196; x_wconf 86' lang='lat' dir='ltr'>lertasee</span> <span class='ocrx_word' id='word_1_346' title='bbox 958 4129 1093 4195; x_wconf 77' lang='lat' dir='ltr'>Xuthum</span> <span class='ocrx_word' id='word_1_347' title='bbox 1108 4131 1190 4195; x_wconf 86' lang='lat' dir='ltr'>latet</span> 
     </span>
    </p>
   </div>
   <div class='ocr_carea' id='block_1_5' title="bbox 158 4280 359 4293">
    <p class='ocr_par' dir='ltr' id='par_1_5' title="bbox 158 4280 359 4293">
     <span class='ocr_line' id='line_1_37' title="bbox 158 4280 359 4293; baseline 0.005 -1"><span class='ocrx_word' id='word_1_348' title='bbox 158 4280 359 4293; x_wconf 46' lang='grc' dir='ltr'>*ιι-...ω</span> 
     </span>
    </p>
   </div>
   <div class='ocr_carea' id='block_1_6' title="bbox 157 4365 1325 4530">
    <p class='ocr_par' dir='ltr' id='par_1_6' title="bbox 157 4365 1325 4530">
     <span class='ocr_line' id='line_1_38' title="bbox 157 4365 1325 4434; baseline 0.009 -16"><span class='ocrx_word' id='word_1_349' title='bbox 157 4365 300 4434; x_wconf 77' lang='lat' dir='ltr'>staminas,</span> <span class='ocrx_word' id='word_1_350' title='bbox 312 4381 341 4418; x_wconf 84' lang='lat' dir='ltr'>ee</span> <span class='ocrx_word' id='word_1_351' title='bbox 352 4365 425 4434; x_wconf 78' lang='lat' dir='ltr'>queri</span> <span class='ocrx_word' id='word_1_352' title='bbox 437 4367 617 4434; x_wconf 77' lang='lat' dir='ltr'>imprudentem</span> <span class='ocrx_word' id='word_1_353' title='bbox 628 4379 656 4424; x_wconf 88' lang='lat' dir='ltr'>et</span> <span class='ocrx_word' id='word_1_354' title='bbox 668 4388 716 4424; x_wconf 84' lang='lat' dir='ltr'>nou</span> <span class='ocrx_word' id='word_1_355' title='bbox 728 4372 903 4426; x_wconf 72' lang='lat' dir='ltr'>advertentem</span> <span class='ocrx_word' id='word_1_356' title='bbox 911 4372 1052 4426; x_wconf 80' lang='lat' dir='ltr'>debitorem</span> <span class='ocrx_word' id='word_1_357' title='bbox 1064 4369 1159 4426; x_wconf 82' lang='lat' dir='ltr'>iactura</span> <span class='ocrx_word' id='word_1_358' title='bbox 1174 4388 1243 4428; x_wconf 82' lang='lat' dir='ltr'>esee.</span> <span class='ocrx_word' id='word_1_359' title='bbox 1261 4372 1325 4430; x_wconf 78' lang='lat' dir='ltr'>litet</span> 
     </span>
     <span class='ocr_line' id='line_1_39' title="bbox 157 4452 1278 4530; baseline 0.01 -25"><span class='ocrx_word' id='word_1_360' title='bbox 157 4461 207 4520; x_wconf 84' lang='lat' dir='ltr'>est,</span> <span class='ocrx_word' id='word_1_361' title='bbox 219 4453 251 4507; x_wconf 79' lang='lat' dir='ltr'>ab</span> <span class='ocrx_word' id='word_1_362' title='bbox 263 4453 383 4524; x_wconf 80' lang='lat' dir='ltr'>Euripide</span> <span class='ocrx_word' id='word_1_363' title='bbox 395 4452 542 4524; x_wconf 69' lang='grc' dir='ltr'>λιλιιθιιιιι</span> <span class='ocrx_word' id='word_1_364' title='bbox 553 4472 600 4526; x_wconf 84' lang='lat' dir='ltr'>pre</span> <span class='ocrx_word' id='word_1_365' title='bbox 612 4457 748 4526; x_wconf 70' lang='grc' dir='ltr'>λελῆσθαι</span> <span class='ocrx_word' id='word_1_366' title='bbox 759 4460 853 4513; x_wconf 75' lang='lat' dir='ltr'>dietum</span> <span class='ocrx_word' id='word_1_367' title='bbox 864 4475 923 4514; x_wconf 81' lang='lat' dir='ltr'>esre</span> <span class='ocrx_word' id='word_1_368' title='bbox 934 4476 1055 4530; x_wconf 69' lang='lat' dir='ltr'>perquam</span> <span class='ocrx_word' id='word_1_369' title='bbox 1066 4461 1216 4517; x_wconf 73' lang='lat' dir='ltr'>incredibile</span> <span class='ocrx_word' id='word_1_370' title='bbox 1227 4469 1278 4516; x_wconf 82' lang='lat' dir='ltr'>est.</span> 
     </span>
    </p>
   </div>
   <div class='ocr_carea' id='block_1_7' title="bbox 0 0 1643 4948">
    <p class='ocr_par' dir='ltr' id='par_1_7' title="bbox 0 0 1643 4948">
     <span class='ocr_line' id='line_1_40' title="bbox 0 0 1643 4948; baseline 0 0"><span class='ocrx_word' id='word_1_371' title='bbox 0 0 1643 4948; x_wconf 95' lang='lat' dir='ltr'> </span> 
     </span>
    </p>
   </div>
  </div>
 </body>
</html>
