3182 4962
649 477 802 579 Q

143 661 211 726 dem
234 663 284 746 qui
304 665 352 730 illa
373 675 521 732 conantur
541 667 701 732 obscumm
724 687 789 732 esse
811 677 924 752 potest:
947 685 1036 750 quam
1057 668 1180 732 obrem
1202 687 1256 750 ego
1276 667 1310 730 in

143 763 275 838 Quaestt.
287 787 330 850 gr.
341 789 405 854 cap.
425 773 437 833 l
457 791 485 853 p.
502 771 564 834 277
578 772 774 836 certaminum
796 771 882 834 abiis
898 782 1049 835 motorum
1065 790 1184 835 causam
1199 788 1260 833 non
1276 770 1308 833 in

142 867 215 932 iuris
238 870 346 951 publici
369 875 574 938 incertitudine
600 875 695 958 aliqua
721 885 752 938 ot
778 875 967 956 ambiguitate
989 874 1041 937 sed
1063 874 1092 937 in
1114 875 1306 938 factiosorum

141 971 297 1036 bominum
314 975 473 1059 cupiditate
488 976 614 1059 positam
631 997 699 1041 esse
714 979 783 1052 dixi,
803 979 853 1060 qtd
872 989 953 1040 certo
972 997 1007 1039 ac
1022 977 1152 1059 legitimo
1168 977 1230 1040 iure
1244 995 1308 1040 non
1425 1009 1429 1014 ·

142 1079 272 1142 contenti
287 1100 322 1143 or
339 1099 429 1164 regne
445 1081 594 1166 sapienter
608 1090 773 1166 temperato
789 1083 928 1167 populare
941 1081 1097 1163 imperium
1109 1081 1226 1144 obicem
1239 1086 1306 1144 stu·

142 1181 240 1256 deant,
257 1181 287 1245 in
303 1203 363 1266 quo
378 1183 488 1248 scilieet
502 1185 557 1268 ipsi
573 1185 773 1250 dominentur.
803 1185 835 1249 Et
853 1201 912 1268 quo
923 1185 1034 1248 lacibus
1047 1185 1213 1267 imperitam
1227 1185 1307 1248 mul·

142 1285 310 1362 titudinem,
332 1309 407 1372 quae
423 1289 491 1370 quid
507 1299 611 1372 agatur
624 1291 789 1373 perspicere
804 1290 916 1373 nequit,
936 1289 992 1353 sibi
1008 1289 1174 1362 concilient,
1194 1291 1307 1353 artibus

142 1408 176 1452 ac
191 1389 310 1454 fallaciis
326 1393 380 1456 sibi
395 1394 539 1458 utendum
556 1415 620 1458 esse
636 1395 839 1459 deereeemat.
862 1393 936 1456 Nam
952 1394 1048 1458 adbuc
1059 1411 1130 1457 sane
1142 1395 1227 1476 longe
1238 1395 1308 1479 plu·
1441 1427 1446 1434 ·
1466 1365 1472 1374 ⁸
1570 1396 1576 1404 '

141 1493 209 1558 rimi
225 1495 254 1558 in
270 1507 373 1561 nostro
389 1497 497 1582 popule
512 1517 626 1580 regem,
648 1517 709 1562 non
730 1497 804 1582 regis
825 1499 960 1562 uallarem
982 1518 1017 1562 ac
1036 1497 1243 1572 simulacrum,
1262 1497 1306 1560 tei

141 1600 273 1682 publicae
285 1621 436 1684 opusesse
448 1603 588 1666 sentiunt.
613 1603 724 1667 llorum
738 1603 1022 1686 igituranimoaqno
1034 1604 1133 1665 minue
1145 1601 1306 1677 offendant,

141 1721 201 1766 nen
216 1706 275 1787 regi
291 1727 323 1769 se
339 1707 390 1769 scd
406 1707 482 1788 regis
496 1707 598 1771 amieis
612 1717 643 1770 et
657 1707 831 1772 consiliariis
847 1707 969 1770 inlestos
989 1725 1054 1770 esee
1074 1706 1173 1769 aiunt:
1196 1705 1305 1768 borum

140 1808 220 1870 enim
238 1809 346 1872 malitia
362 1808 439 1881 beri.
466 1819 500 1872 ut
513 1827 563 1872 rex
579 1809 650 1892 quid
667 1809 737 1872 iuris
753 1810 799 1872 sui
814 1821 902 1892 atque
918 1809 1007 1872 obieii
1027 1809 1082 1882 sit,
1102 1808 1174 1890 quid
1194 1808 1305 1893 populo

140 1909 264 1992 eiusque
280 1911 403 1974 libertati
419 1911 561 1975 debeatur
575 1930 679 1993 parum
695 1912 844 1994 dispiciat,
865 1913 1006 1994 denique,
1029 1925 1063 1974 ut
1082 1922 1183 1994 aperte
1203 1912 1304 1992 prolo-

71 2065 73 2071 ι
141 2015 309 2093 quaequod
325 2031 371 2075 res
386 2021 445 2085 est,
466 2014 560 2076 sirum
581 2015 692 2074 leonum
714 2033 779 2075 ease
794 2031 893 2094 regem
909 2031 1015 2095 negare
1030 2031 1090 2074 non
1106 2014 1231 2084 audent,
1251 2011 1304 2073 sed

138 2113 236 2192 paullo
253 2122 352 2176 tamen
367 2114 549 2177 hebetiorem
571 2133 637 2176 esse
656 2113 835 2193 significant,
857 2115 907 2195 qui
926 2115 1063 2196 pessimis
1085 2113 1305 2178 consultoribus

138 2215 227 2277 niueis
242 2215 325 2279 lacile
340 2235 441 2280 aurem
459 2217 595 2298 praebeat
615 2215 748 2297 adeoque
769 2235 801 2277 se
821 2215 914 2298 ‹lecipi
935 2216 973 2278 ab
996 2217 1032 2279 iis
1051 2217 1193 2298 patiatur,
1215 2225 1248 2276 ut
1267 2232 1306 2276 ne

138 2334 240 2380 earum
264 2317 383 2399 quidem
407 2318 518 2400 legum,
548 2317 655 2398 quibus
678 2317 774 2380 omnis
797 2317 840 2379 rei
863 2317 996 2401 publicae
1018 2327 1114 2379 status
1136 2317 1306 2379 continetur

139 2435 270 2499 quasque
284 2439 317 2482 se
332 2420 553 2483 observaturum
570 2437 635 2481 cese
651 2419 769 2490 iurarit,
791 2436 887 2480 reram
909 2419 966 2480 rim
987 2436 1021 2480 ac
1040 2417 1218 2481 sententiam
1233 2416 1305 2480 satis
1387 2465 1393 2473 .

138 2517 201 2599 ipse
216 2520 364 2602 intelligat.
388 2521 496 2583 iustam
512 2520 617 2582 barum
630 2519 901 2601 interpretationem
917 2539 933 2582 a
949 2529 1043 2582 semet
1057 2520 1213 2600 petendam
1228 2537 1303 2590 ease,

139 2639 239 2684 earum
256 2623 398 2698 inaximo,
419 2639 495 2702 quas
510 2620 546 2683 de
562 2622 701 2705 pecuniae
717 2620 849 2702 publicae
864 2620 1118 2684 administratione
1132 2639 1167 2682 ac
1181 2619 1303 2701 dispen-

1 2765 2 2808 3
137 2725 252 2787 satione
267 2725 394 2805 scriptae
409 2731 488 2788 aunt.
504 2740 578 2804 quas
588 2723 708 2805 quidem
721 2723 814 2786 lallaci
826 2723 953 2806 quadam
965 2741 1000 2786 aa
1011 2741 1133 2805 pmrsus
1148 2738 1304 2786 commen·

137 2827 204 2889 tinia
220 2827 334 2890 ratione
349 2826 379 2888 in
394 2826 572 2889 sententiam
594 2845 718 2908 paremus
739 2829 884 2911 planeque
904 2829 1001 2908 legum
1022 2826 1164 2890 latoribus
1185 2834 1302 2888 contra·

136 2929 209 2992 riam
225 2929 400 3008 detorquere
415 2945 476 2990 non
492 2930 732 2992 verecundantur.
771 2927 844 2990 llam
866 2947 975 3008 pauens
996 2945 1099 2990 eorum
1116 2927 1214 2990 rideas
1229 2929 1305 2988 banc

137 3031 296 3094 mentiendi
310 3031 521 3114 impudentiam
533 3041 567 3096 ut
579 3032 640 3095 viro
652 3032 760 3094 liberali
772 3029 920 3112 indignam
933 3031 1131 3114 repudiantes,
1144 3031 1194 3110 qui
1206 3031 1303 3110 legum

1 3145 2 3228 t
138 3133 252 3198 illarum
277 3153 352 3216 quae
371 3133 411 3196 sit
431 3152 497 3196 vera
517 3135 560 3196 vis
580 3153 615 3197 ac
633 3133 781 3197 sententia
800 3153 867 3195 sese
882 3151 1040 3214 agnoscere
1055 3151 1115 3196 non
1130 3133 1304 3204 diffitentur,

1 3251 2 3327 t
136 3236 188 3298 sed
213 3239 288 3300 banc
309 3237 403 3318 ipsam
427 3235 466 3298 ob
485 3255 603 3301 causam
627 3255 678 3300 eas
697 3237 856 3300 abolendas
878 3235 1009 3318 aliasque
1032 3235 1125 3317 magis
1147 3237 1305 3320 populares

1 3356 6 3402 ι
136 3337 277 3401 ferendas
292 3359 357 3402 esse
372 3339 532 3403 clamitant.

221 3439 300 3502 llaec.
314 3441 450 3522 igiturne
465 3441 531 3504 talia
547 3460 640 3524 quum
657 3441 686 3503 in
702 3441 909 3522 quaestionum
930 3439 1189 3522 grammaticarum
1205 3457 1269 3521 cap.
1287 3438 1302 3498 l

137 3560 154 3604 a
174 3561 222 3604 me
242 3541 392 3626 proposita
408 3552 522 3616 essent,
546 3541 686 3623 leopold.
708 3541 907 3604 Schmidtium
933 3543 1079 3605 induxisse
1100 3544 1253 3614 ridentur.
1273 3549 1308 3602 ut

1 3645 2 3700 l
137 3644 343 3707 immemorem
365 3663 480 3718 cerunt,
495 3664 570 3726 quae
581 3645 805 3707 Atheniensium
821 3643 943 3707 historia
957 3645 1086 3716 doceret,
1102 3663 1166 3706 eam
1182 3643 1307 3706 civitatis

137 3745 265 3808 lormam
286 3745 372 3810 unice
399 3747 471 3810 mibi
487 3747 667 3830 probandam
683 3747 774 3809 rideri
795 3747 920 3820 diceret,
941 3747 971 3810 in
987 3765 1044 3829 qua
1060 3747 1096 3809 de
1112 3747 1235 3828 pecunia
1250 3764 1306 3831 pu·

0 3830 1 3895 l
136 3849 210 3912 blica
227 3868 282 3913 suo
297 3849 439 3913 arbitratu
454 3850 652 3932 gubernantes
667 3849 722 3912 soli
737 3849 941 3914 decernerent.
971 3849 1032 3931 Ego
1048 3869 1117 3912 rere
1132 3851 1169 3910 de
1184 3847 1309 3933 pecunia

0 4008 1 4037 p
61 4015 64 4020 ,
137 3951 209 4014 nihil
225 3951 437 4034 ibieeparalim
454 3953 669 4026 montuosum,
691 3951 743 4014 sed
766 3953 803 4014 de
817 3953 954 4017 universa
975 3953 1017 4016 rei
1032 3953 1165 4038 publicae
1179 3951 1308 4015 admini-

0 4076 1 4101 ι
137 4053 289 4128 atratinus,
305 4054 470 4138 improbavi
484 4065 585 4120 autem
600 4075 667 4120 eam
683 4055 725 4119 rei
741 4055 873 4138 publicae
889 4055 1033 4130 formam,
1048 4056 1078 4118 in
1094 4075 1152 4136 qua
1167 4057 1241 4120 hacc
1255 4055 1310 4118 ad·

0 4142 1 4221 l
136 4157 314 4221 ministratio
335 4159 438 4243 populi
458 4155 594 4234 arbitrio,
616 4157 869 4242 quemadmodum
886 4159 1025 4232 Athenis,
1040 4166 1209 4242 regeretur:
1229 4157 1311 4223 unde

0 4304 1 4337 f
136 4257 194 4324 bec
206 4278 301 4324 unum
317 4273 452 4345 apertum
469 4263 531 4326 lieri
547 4271 674 4345 poterat,
689 4261 778 4326 etiam
795 4261 935 4346 pecuniae
947 4261 1238 4326 administrationem
1254 4282 1311 4348 pe·

0 4408 1 4449 ᾗ
137 4363 199 4446 puli
218 4365 319 4429 omnia
338 4365 465 4448 regentis
487 4365 608 4430 arbitrio
628 4365 804 4450 permissam
825 4365 897 4429 mibi
918 4381 981 4428 non
1001 4367 1130 4448 probari.
1170 4367 1311 4430 Ceterum

0 4460 1 4469 ’
137 4486 197 4550 que
212 4468 306 4553 magis
317 4469 430 4535 Atticae
444 4469 487 4534 rsi
497 4469 631 4554 publicae
641 4487 736 4554 qenm
747 4461 900 4554 ceqnitum
911 4481 1000 4553 atque
1010 4481 1200 4633 pcgsppctum
1212 4470 1312 4544 balam

59 4585 61 4588 ·
460 4607 466 4616 -
1069 4571 1084 4633 l
