3182 4962
705 505 857 608 ,ιι-ι*

198 699 303 766 diversi
318 717 406 784 qnam
419 707 515 764 cetera
527 717 651 783 corpora
663 697 780 782 generis
790 717 856 762 esse
867 717 903 762 er
914 715 953 761 co
963 694 1166 766 concludebat,
1183 693 1262 780 qnod
1274 713 1368 780 quum

198 806 306 868 bonnm
321 803 464 884 imagines
480 802 582 866 oculos
597 811 753 884 tangerent
773 820 938 884 eommqne
960 799 1044 884 qnasi
1064 799 1229 864 ministerio
1250 799 1286 864 erl
1303 800 1368 864 ani·

200 927 281 970 rnnm
304 908 503 979 deterrentur,
527 905 695 970 divinornm
719 925 878 988 corporum
902 903 1043 986 imagines
1066 904 1221 968 oculorum
1245 921 1369 968 sensnm

198 1011 334 1092 ingerent
360 1010 454 1092 iisqne
477 1010 562 1092 plene
586 1008 702 1072 intactis
724 1009 761 1072 ab
784 1009 848 1091 ipso
871 1014 987 1072 tantum
1011 1006 1111 1071 animo
1133 1007 1368 1090 perciperentur.

199 1113 273 1177 Nam
293 1131 368 1196 quae
388 1112 424 1176 de
440 1111 484 1175 dis
500 1113 529 1175 in
545 1113 700 1176 eculanum
716 1121 908 1196 conspectum
926 1109 1109 1174 venientibus
1124 1119 1175 1174 aut
1190 1127 1370 1174 conversan-

198 1216 277 1281 tibus
297 1235 365 1281 cum
388 1215 558 1280 bominibus
579 1217 712 1300 adeoque
727 1215 817 1280 eliam
833 1215 1100 1280 concumbentibus
1115 1213 1283 1295 liberosque
1298 1231 1369 1296 pro·

198 1321 365 1385 creantibus
381 1319 411 1384 in
426 1319 559 1384 l'abnloss
574 1329 604 1382 et
619 1320 728 1402 vulgari
743 1319 925 1402 mythologie
940 1319 1121 1392 ferebantur,
1144 1319 1209 1381 bete
1226 1317 1325 1380 omnia
1340 1325 1371 1380 et

198 1423 405 1488 commenticia
421 1423 548 1505 Epicuro
563 1421 656 1488 rideri
671 1422 807 1486 debuisse
823 1422 851 1485 in
867 1430 971 1506 aperto
984 1431 1039 1484 cst.
1063 1421 1164 1484 Oculis
1178 1431 1278 1484 antem
1294 1419 1370 1485 invi-

198 1527 298 1590 sibiles
313 1526 436 1590 deorum
461 1526 602 1608 imagines
621 1544 683 1588 non
704 1525 790 1589 aliem
814 1526 852 1589 ob
875 1543 994 1588 musam
1018 1543 1083 1588 esse
1106 1532 1253 1605 poterant,
1278 1542 1369 1606 qnam

198 1637 320 1712 propter
334 1646 482 1691 surrrmam
500 1629 681 1702 tenellulum,
697 1646 773 1710 quae
789 1632 869 1692 tants
885 1636 974 1700 essct,
991 1637 1024 1690 ut
1039 1627 1195 1690 oculorum
1211 1625 1303 1688 eciem
1320 1625 1370 1689 ltr-

198 1741 314 1814 gerente
341 1731 440 1794 animo
463 1741 562 1794 autom
584 1730 712 1793 risibiles
733 1739 892 1813 propterea
912 1729 993 1812 quod
1016 1728 1105 1792 buius
1125 1745 1246 1810 quoqne
1265 1735 1371 1791 natura

198 1835 437 1918 pernoscerem
454 1833 510 1896 illis
526 1833 702 1916 imaginibus
718 1833 872 1896 tenuitate.
907 1833 948 1895 be
971 1831 1062 1896 enimi
1081 1841 1180 1895 autem
1205 1839 1309 1894 nature
1329 1830 1373 1894 sic

198 1935 360 1999 statuebat:
376 1945 511 2000 constare
527 1943 623 1998 tolum
640 1936 760 2016 quietem
773 1957 809 1998 rx
821 1936 929 1998 atomis
941 1935 1107 2009 lenissimis,
1123 1933 1270 2010 rotundis,
1285 1933 1372 2016 longe

199 2038 409 2110 subtilissimis,
421 2038 471 2101 sed
484 2057 549 2101 inm
561 2038 624 2102 eins
636 2045 762 2121 partem,
775 2055 832 2120 qua
845 2039 972 2102 visiones
985 2037 1208 2122 perciperentur
1219 2035 1373 2100 notiones-

201 2157 373 2223 quercuum
391 2141 634 2214 informarentur,
650 2141 805 2223 praecipue
821 2142 909 2204 talem
926 2159 991 2202 esse
1407 2130 1411 2138 ’

388 2261 445 2325 qna
461 2261 558 2325 nequae
574 2243 713 2306 mobilius
729 2243 887 2326 quicquam
903 2261 958 2307 nec
973 2243 1092 2306 tenuius
1107 2250 1195 2315 esset,

388 2363 443 2408 nec
459 2344 551 2426 magis
567 2364 583 2407 e
598 2345 695 2426 parnis
710 2352 761 2409 ant
776 2345 889 2408 levibns
904 2365 941 2408 ex
956 2345 1121 2418 elementis,

202 2453 235 2511 nt
250 2446 377 2512 Lucretii
393 2447 490 2510 verbis
505 2456 581 2521 utar,
599 2449 647 2522 ΙΙΙ,
663 2447 737 2510 244.
760 2447 999 2512 Consentaneum
1017 2448 1106 2530 igitur
1120 2454 1184 2510 erat
1198 2463 1259 2510 non
1275 2443 1375 2508 minus

201 2551 301 2616 tenuia
316 2557 348 2614 ct
361 2549 479 2614 subtilia
494 2551 583 2614 etiarn
599 2551 723 2615 deorum
740 2571 866 2636 corpora
882 2571 958 2624 esse,
975 2551 1054 2615 undo
1067 2551 1209 2634 imagines
1225 2558 1285 2612 tam
1302 2548 1375 2612 sub·

202 2655 268 2720 tiles
283 2665 311 2718 ct
326 2655 426 2718 animo
439 2661 564 2730 tantum,
581 2673 642 2718 non
657 2655 760 2730 oculis,
776 2655 903 2719 risibiles
918 2657 1084 2720 eilluerent.
1108 2655 1191 2719 llane
1201 2654 1241 2718 ob
1255 2671 1375 2717 canmm

201 2759 346 2842 Epicurus
361 2759 397 2822 ad
413 2760 623 2842 designandam
640 2779 746 2825 eorum
762 2779 779 2824 a
794 2761 899 2824 ceteris
914 2759 1090 2845 corporibus
1102 2759 1301 2824 diversitatem
1315 2774 1377 2820 non

202 2857 341 2945 σώματα
361 2883 395 2928 ea
410 2863 461 2928 sed
485 2855 565 2929 riori
589 2857 729 2946 ccipere
751 2865 848 2929 dicere
869 2865 983 2939 maluit,
1004 2865 1032 2928 id
1054 2865 1136 2948 qnod
1157 2861 1308 2927 immerito
1323 2859 1376 2924 ad·

84 3019 91 3028 .
204 2967 323 3031 versarii
338 2969 501 3032 irriserunt.
532 2971 662 3054 Apparet
673 2969 753 3032 enim
770 2979 906 3033 naturam
923 2970 1002 3032 illam
1019 2986 1079 3032 non
1096 2967 1218 3051 quidem
1234 2965 1377 3047 incorpo-

204 3089 297 3146 ream,
313 3073 364 3135 sed
380 3074 465 3137 aliam
482 3081 584 3138 tamen
600 3093 689 3156 quam
705 3093 781 3158 qnae
797 3075 884 3157 vulgo
900 3091 1025 3156 corpora
1043 3081 1195 3144 rorantur,
1218 3069 1262 3132 vir
1280 3067 1378 3154 aptius

205 3185 298 3258 alque
314 3177 498 3242 comnnnlins
513 3177 662 3262 designari
678 3179 822 3262 potuisse.

290 3281 374 3356 tlned
390 3292 491 3344 autem
506 3281 637 3346 babitare
654 3283 726 3345 deos
742 3283 772 3345 io
789 3280 997 3346 intermundiis
1013 3279 1115 3352 noluit,
1131 3297 1169 3342 ne
1184 3277 1242 3340 boc
1256 3275 1344 3359 quide
1354 3291 1385 3340 ru

205 3381 267 3446 sine
282 3384 393 3446 ratione
407 3385 544 3448 statuisse
561 3385 650 3448 rideri
666 3385 768 3458 debet,
791 3385 845 3448 sed
871 3403 994 3467 prorsus
1018 3386 1062 3447 rel
1085 3383 1221 3468 physicae
1246 3399 1317 3460 snae
1340 3380 1385 3443 rel

205 3485 319 3550 ethicae
340 3487 490 3551 doctrinae
513 3487 732 3552 convenienter.
774 3487 890 3574 Quippe
919 3489 949 3551 in
978 3487 1096 3571 pbpsica
1120 3485 1192 3550 nibil
1217 3504 1293 3570 opus
1316 3491 1383 3548 erat

206 3590 309 3656 mnndi
322 3600 374 3655 ant
390 3593 570 3656 rnnndornm
586 3593 629 3656 rel
644 3593 787 3657 creationi
803 3592 846 3654 rol
863 3591 1113 3656 administrationi
1129 3591 1202 3654 deos
1213 3589 1385 3664 admonere,

206 3715 298 3780 quum
321 3697 420 3762 omnia
443 3709 613 3764 atomorum
636 3716 783 3763 concursu
807 3707 953 3782 motuque
975 3697 1101 3762 naturali
1124 3707 1156 3762 et
1175 3696 1250 3762 lacta
1274 3715 1340 3760 esse
1355 3700 1387 3761 ct

83 3841 90 3851 ·
207 3801 269 3865 beri
283 3809 432 3879 censeret,
455 3803 484 3867 in
507 3805 602 3868 etbica
624 3815 724 3869 autem
745 3823 838 3888 quum
862 3803 953 3866 inem
974 3787 1124 3867 bonorum
1142 3801 1324 3884 voluptatem
1342 3801 1386 3866 rel

206 3905 416 3972 beatitudinem
432 3929 498 3972 osse
512 3915 671 3984 statueret,
695 3927 826 3993 pugnare
848 3928 952 3973 secum
978 3908 1040 3992 ipsc
1062 3907 1118 3970 sibi
1141 3906 1222 3970 risus
1242 3915 1337 3980 esset,
1360 3905 1386 3969 si

205 4011 262 4088 dis,
277 4031 353 4096 qnos
368 4013 453 4098 plane
470 4013 571 4078 beatos
586 4035 651 4078 esse
667 4021 828 4098 oporteret,
845 4033 879 4078 ea
896 4013 1012 4097 negotia
1028 4012 1215 4098 imponeret,
1231 4029 1307 4093 qnae
1322 4009 1387 4074 sine

209 4115 309 4181 labore
330 4127 361 4181 et
384 4117 519 4182 molestia
542 4117 704 4202 multisque
725 4117 805 4182 curis
824 4127 855 4181 ct
873 4117 1025 4182 aemmnis
1047 4115 1152 4180 conieci
1175 4131 1236 4178 non
1253 4121 1385 4196 possent

211 4219 293 4284 llaec
314 4222 352 4284 ob
375 4241 493 4285 censam
516 4241 608 4303 quum
631 4225 713 4286 nulls
735 4221 955 4286 necessitudine
979 4239 1033 4284 nec
1054 4219 1084 4282 di
1105 4219 1141 4283 ad
1162 4220 1310 4282 mnndum
1332 4236 1388 4283 nec

211 4324 339 4388 mundns
354 4325 390 4388 ad
404 4324 476 4388 deos
491 4325 666 4409 pertineret,
689 4325 759 4408 qnid
783 4335 848 4388 erat
867 4343 922 4390 cur
942 4323 1074 4388 babitare
1094 4333 1194 4388 umen
1218 4323 1249 4386 in
1272 4323 1386 4387 mundo

211 4425 284 4490 deos
295 4425 404 4490 celleri
418 4427 657 4492 comentanenm
669 4428 770 4513 potius
781 4437 845 4494 crat
857 4427 1091 4493 extramuedsua
1103 4427 1138 4492 iis
1150 4427 1214 4492 loca
1226 4427 1385 4510 migrare,

212 4547 288 4616 ques
308 4529 411 4595 deesse
434 4529 465 4594 in
485 4529 692 4595 intemruodiis
711 4549 773 4597 nou
793 4541 946 4616 poterent,
969 4531 1020 4596 nbi
1040 4539 1175 4616 spectare
1195 4531 1336 4608 tortasse,
1359 4529 1387 4596 si
