3266 4958
625 455 778 558 L

117 655 152 712 ut
172 664 386 732 saepenumero
405 647 495 714 etiam
516 646 627 731 irrligni
641 647 679 712 ad
694 664 819 731 regnum
834 644 1016 730 perveniant.
1046 644 1083 708 Et
1097 643 1175 707 hauc
1190 642 1285 727 ipsam

117 750 332 817 dubitationem
352 752 390 817 ad
410 751 480 817 illud
503 751 693 836 potissimum
713 769 806 834 genus
826 751 909 832 regni
927 749 1286 836 pertinerejmanilestum

118 865 181 932 est,
202 855 282 940 quod
304 855 402 920 solum
417 855 556 921 hocloco
571 855 602 920 in
618 864 718 920 mente
733 853 839 928 babet,
858 853 915 918 boc
930 855 1024 918 estad
1040 851 1288 938 παμβασιλείαν

119 982 145 1027 s.
159 961 325 1027 α1ιοο1οίιοι
341 961 542 1026 monarchiam
554 959 642 1024 nullis
653 959 741 1024 certis
752 959 865 1042 legibus
876 959 1046 1023 adstrictam
1058 977 1113 1024 uec
1124 977 1286 1044 paucorum

120 1077 171 1131 aut
185 1066 286 1150 populi
301 1066 365 1130 iure
379 1085 415 1130 ac
429 1072 575 1148 potesme
587 1069 792 1148 temperatam.
819 1063 992 1138 llancsane,
1008 1063 1076 1128 licet
1087 1081 1147 1128 non
1158 1063 1287 1127 deterio-

120 1189 184 1234 rem
205 1190 295 1253 quam
315 1178 368 1234 aut
386 1168 574 1251 oligarcbiam
590 1175 641 1234 aut
655 1168 882 1259 democratiam,
902 1175 983 1232 certe
998 1177 1097 1232 tamen
1112 1185 1174 1231 non
1189 1167 1289 1230 minus

121 1272 265 1338 lubricam
285 1281 316 1338 et
336 1273 519 1356 corruptioni
539 1273 698 1338 obnoxiant
713 1293 780 1338 asse
794 1273 851 1338 ait:
871 1291 968 1356 neque
983 1273 1014 1336 in
1029 1292 1065 1336 eo
1080 1271 1238 1354 quisquam
1252 1269 1290 1332 ab

121 1377 185 1442 eius
199 1377 307 1442 iudicio
322 1378 485 1440 «demutet.

206 1481 271 1546 lloc
290 1481 369 1544 idem
389 1481 478 1544 etiam
498 1501 549 1545 eos
569 1482 698 1546 sensisse
720 1482 870 1558 sitiemus,
891 1482 942 1565 qui
962 1489 1031 1564 post
1045 1479 1232 1543 Aristotelem
1254 1477 1291 1540 de

123 1585 237 1666 optimo
257 1603 364 1666 genere
379 1584 422 1648 rei
437 1584 569 1666 publicae
583 1586 780 1667 scripserunt,
798 1569 929 1668 auorum
944 1585 1005 1646 duo
1020 1583 1175 1668 praecipue
1190 1580 1289 1644 nomi-

123 1687 213 1750 nandi
234 1693 321 1762 suut,
341 1687 480 1770 Polybius
494 1696 541 1762 et,
564 1687 614 1769 qui
630 1687 715 1770 plane
729 1707 799 1752 cum
813 1708 851 1752 eo
865 1688 1030 1770 conspirat,
1046 1687 1147 1749 Cicero
1163 1683 1289 1746 inlibris

123 1789 160 1852 de
179 1809 212 1852 re
233 1789 358 1873 publica.
387 1791 429 1853 bc
444 1790 584 1872 Polybius
608 1790 727 1871 quidem
747 1809 803 1853 nec
822 1791 932 1872 regiam
947 1809 1003 1853 nec
1017 1787 1221 1872 oligarcbicam
1236 1805 1291 1848 nec

124 1891 352 1958 democratioam
373 1893 498 1956 civitatis
512 1893 641 1956 lormam
656 1912 710 1974 pter
723 1913 756 1956 se
771 1893 866 1956 solam
881 1893 1040 1975 optandam
1055 1911 1121 1954 esse
1136 1890 1220 1964 dicit,
1241 1888 1293 1951 sed

125 2013 190 2057 eam
210 1996 348 2070 demum,
370 2015 503 2078 quaeest
523 1995 569 2058 bis
588 1995 684 2059 tribus
704 1995 795 2058 mista
816 2005 848 2058 et
868 2003 1030 2078 temperata
1052 1995 1099 2057 sit.
1129 1984 1295 2076 Ἅρίοτην,

126 2096 236 2180 inquit,
270 2091 407 2183 ἡγητέον
440 2091 616 2163 πολιτείαν
645 2093 704 2182 τήν
730 2091 767 2161 ἐν
796 2093 931 2161 πάντων
957 2097 1024 2160 τιῖν
1050 2088 1297 2180 προειρημένων

127 2191 319 2282 ἰδιωμάτων
346 2201 565 2278 συνεστῶσαν,
594 2201 683 2285 idque
709 2202 884 2285 comprobat
908 2201 1091 2283 argumentis
1116 2221 1152 2263 er
1173 2196 1298 2262 historia

128 2303 223 2368 ductis
233 2307 246 2346 ³
256 2308 295 2382 ¹).
325 2304 398 2368 Nam
424 2315 618 2390 posteaquam
634 2325 733 2369 reram
748 2303 922 2388 βασιλείαν
935 2325 1001 2371 eam
1014 2311 1131 2369 tantum
1143 2303 1298 2367 dicendam

128 2427 194 2471 csse
214 2410 382 2492 proposuit,
404 2429 479 2493 «puae
501 2428 562 2474 non
581 2429 636 2494 pru
655 2411 713 2473 vim
734 2417 816 2494 parta
831 2412 882 2475 sed
899 2411 1000 2495 populi
1016 2411 1164 2474 rolutttato
1179 2413 1209 2470 et
1223 2425 1299 2470 con·

128 2529 218 2576 sensu
238 2513 344 2576 tradita
363 2513 418 2588 sit,
440 2532 537 2597 neque
558 2523 641 2578 metu
661 2521 692 2578 et
712 2525 826 2580 terrore
842 2515 1026 2591 incutiendo,
1049 2515 1101 2578 sed
1116 2512 1299 2577 consulendo

129 2615 235 2680 civium
250 2617 337 2680 saluti
352 2628 382 2680 et
396 2618 620 2682 benefaciendo
636 2618 759 2694 nitatur,
774 2619 1009 2684 aristocraticum
1027 2637 1117 2701 porro
1130 2635 1191 2680 non
1202 2615 1299 2697 quod·

131 2720 172 2782 ris
192 2738 353 2801 paucorum
375 2721 550 2804 imperium,
571 2722 623 2784 sed
644 2722 732 2796 illud,
753 2722 832 2804 quod
847 2743 863 2784 a
879 2721 1001 2784 delectis
1017 2721 1085 2783 siris
1101 2719 1186 2782 bonis
1201 2737 1236 2780 ac
1249 2737 1299 2780 sa·

130 2823 280 2904 pientibus
300 2829 486 2899 exerceatur,
506 2825 715 2889 democratiam
736 2825 864 2908 denique
880 2833 942 2888 non
957 2844 1027 2888 eum
1042 2833 1153 2887 statum
1165 2821 1300 2896 civitatis,

131 2925 162 2988 iu
181 2944 240 3007 quo
262 2927 360 2990 omnis
376 2926 574 2990 multitudiuis
589 2927 745 2992 arbitrium
759 2947 794 2992 ac
808 2927 898 2990 libido
914 2929 1021 2999 valeat,
1041 2927 1093 2989 sed
1109 2927 1215 3008 inquo
1231 2923 1302 2987 boni

131 3047 230 3092 mores
250 3029 433 3110 deorumque
453 3031 618 3094 reuerentia
639 3031 755 3112 vigeant
774 3037 934 3112 sanctaque
951 3039 982 3092 et
1001 3029 1124 3092 intractu
1147 3029 1186 3092 sit
1205 3031 1303 3110 legum

132 3132 300 3206 auctoritas,
316 3131 421 3215 bisque
436 3133 576 3215 opposuit
590 3133 736 3196 contraria
751 3133 803 3196 sed
818 3133 916 3196 altinia
930 3133 1014 3196 mala.
1030 3133 1226 3213 tyrannidem,
1242 3150 1305 3213 quo

132 3233 254 3298 nomine
275 3253 396 3297 omnem
421 3235 581 3298 violentam
603 3244 634 3298 ct
648 3235 789 3299 iniustam
805 3235 893 3298 unius
907 3235 1142 3298 dominationem
1159 3234 1305 3315 inteiligit,

134 3337 333 3420 oligarolriam,
349 3337 399 3400 ubi
413 3357 430 3400 a
445 3337 546 3420 paucis
561 3356 610 3400 res
625 3337 739 3421 publiea
756 3348 895 3420 tanquam
911 3338 1031 3422 propria
1046 3339 1180 3422 ipsorum
1197 3347 1305 3400 tracte·

135 3449 185 3503 tur
203 3449 428 3522 oeterorumque
449 3440 495 3504 ius
515 3459 551 3504 ac
569 3441 687 3504 libertas
711 3459 765 3523 per
778 3442 948 3524 superbiam
962 3442 1127 3523 negligatur
1140 3452 1171 3504 et
1187 3441 1307 3522 procul·

134 3551 227 3616 cetur,
244 3543 452 3606 ochlocrctiam
468 3543 605 3626 denique,
622 3543 653 3606 in
668 3563 727 3625 qus
742 3543 859 3606 mobilis
873 3553 905 3608 ot
919 3545 1092 3607 temerariae
1107 3542 1306 3606 multitudinis

135 3645 234 3720 libido,
249 3663 311 3708 non
323 3647 401 3726 leges
412 3645 615 3718 dominentur,
630 3645 689 3708 iam
701 3647 887 3709 ‹lemonstrat
899 3647 1040 3710 historiae
1051 3647 1203 3728 exemplis,
1216 3664 1306 3728 quam

136 3749 272 3832 proclivis
287 3759 317 3812 et
331 3767 425 3833 prope
439 3757 623 3833 certantque
638 3749 813 3814 inevitabilis
827 3750 859 3813 in
873 3769 934 3814 uuo
949 3771 1070 3833 quoque
1084 3750 1121 3814 do
1136 3749 1231 3814 tribus
1250 3749 1306 3813 illis

205 3971 249 4036 at>
266 3970 321 4024 Lib.
337 3971 386 4040 Vl,
404 3989 427 4026 c.
440 3975 470 4042 ³,
487 3974 512 4027 l.
525 3999 560 4014 -
571 3974 727 4028 Aristotcles
744 3991 842 4044 quoque
858 3975 890 4027 da
906 3963 937 4026 εὖ
953 3975 1137 4042 νινρομίνοις
1152 3972 1308 4030 moderatore

137 4053 251 4124 loquitur
262 4057 294 4122 V,
307 4060 331 4124 i,
348 4061 359 4112 1
370 4075 378 4124 ς
394 4075 474 4129 aequa
493 4067 577 4113 tanea
594 4061 666 4114 illam
679 4061 757 4114 trinta
769 4075 889 4127 generum
901 4057 1085 4128 copulationem
1098 4058 1235 4124 signitirat.
1257 4056 1307 4108 Sed

139 4140 242 4194 Stoicos
258 4141 383 4212 niceana·
396 4145 483 4198 basau
496 4145 554 4213 Vll,
573 4147 619 4200 tat
638 4147 735 4200 dixisse
751 4145 790 4200 ait
806 4145 953 4200 πολιτείαν
969 4141 1089 4218 ἀρίστην
1101 4140 1152 4212 τὴν
1162 4139 1266 4214 pessis
1277 4139 1309 4196 ἲν

139 4241 168 4280 τι
180 4225 371 4298 δημοκρατίας
383 4231 430 4284 sal
440 4231 583 4298 βασιλείας
594 4233 641 4286 acl
650 4227 875 4304 ciproroapartor,
886 4239 1017 4284 auctorem
1025 4239 1109 4284 tamea
1120 4231 1216 4284 aeliu·
1226 4231 1308 4284 asari·
1333 4263 1334 4266 =

139 4315 218 4367 natln
232 4315 347 4369 laudans.
370 4316 467 4370 &neca
485 4317 599 4386 quiden,
620 4319 651 4370 da
668 4314 749 4372 bonel.
766 4315 787 4370 ll
796 4354 804 4384 ,
816 4317 862 4382 2⁰,
880 4317 999 4386 optinum
1017 4317 1134 4372 civitatis
1149 4326 1245 4371 statuar
1260 4317 1309 4371 sub

140 4415 201 4467 rapa
212 4401 281 4454 lusto
292 4417 351 4454 assa
362 4401 412 4470 ait,
429 4409 553 4473 amatam
565 4404 684 4472 llrutu,
699 4421 774 4474 qaut
787 4404 859 4472 regal
870 4403 930 4457 odis
942 4401 1079 4458 &mm
1090 4403 1265 4474 murinam,
1276 4419 1310 4458 aa

140 4485 301 4542 'ortanum
313 4488 394 4542 mica
405 4487 499 4556 eausa
748 4545 752 4551 ,
868 4507 876 4523 ·

200 4569 231 4634 τ1.
1083 4575 1105 4638 2
