3266 4958
781 429 931 530 ...i-⁴-

276 623 426 687 ticiualaaa
449 640 515 686 esse
529 618 708 684 Plutarchus
729 629 890 696 memorat,
917 623 995 704 quod
1016 629 1050 684 ut
1069 639 1171 687 rerum
1194 623 1247 698 sit,
1268 633 1444 690 nontamen

277 735 434 810 propterea
448 724 529 787 laune
544 724 624 788 diem
640 725 729 788 etiam
745 725 775 788 in
790 725 845 789 bac
858 725 956 789 iabula
972 725 1092 806 intelligi
1104 745 1224 790 necesse
1236 735 1295 790 cst:
1312 747 1381 792 nam
1394 735 1446 792 aut

276 829 378 910 ignota
398 847 446 892 rec
461 829 593 912 Euripidi
614 849 693 904 esse,
716 839 782 904 aut,
805 829 830 893 ai
850 838 920 892 nota
940 829 1046 902 luerit,
1070 829 1193 912 impune
1213 830 1318 913 negligi
1338 832 1444 914 potuit

277 931 410 995 Aderant
424 943 524 996 autem
540 932 661 1014 l'ptlaiae
676 933 846 996 vaticinanti
860 933 980 1014 aliquot,
996 939 1030 996 ut
1044 931 1097 994 lon
1113 933 1175 1015 ipse
1190 933 1230 995 ait
1245 953 1272 996 r.
1289 935 1363 1010 416,

491 1031 635 1118 Δελφῶν
656 1025 803 1119 ἀριστῆς,
826 1024 884 1112 ούς
904 1028 1084 1120 ἐκλήρωσεν
1103 1029 1224 1115 πάλος,

276 1135 464 1218 aliorumque
484 1137 664 1200 testimoniis
683 1155 744 1200 non
766 1139 856 1200 modo
871 1137 1045 1220 prophetam
1062 1137 1209 1200 adstitisse
1223 1138 1375 1212 novimus,
1397 1138 1447 1220 qui

277 1257 367 1302 voces
386 1239 450 1302 eius
470 1239 633 1320 exciperet,
654 1241 706 1302 ced
722 1240 880 1302 llosiorum
902 1259 1019 1321 quoque
1041 1257 1135 1302 unum
1152 1249 1240 1321 atquc
1256 1223 1381 1304 alterum
1396 1249 1448 1304 aut

278 1339 311 1404 in
336 1343 441 1404 eodem
468 1341 610 1424 penetrali
636 1350 687 1404 aut
710 1341 740 1404 in
761 1341 899 1424 proximo
920 1351 1052 1404 versatos
1072 1361 1148 1404 esse.
1184 1343 1339 1406 Praeterea
1358 1343 1446 1406 etiam

279 1445 435 1508 ministros
446 1445 614 1527 complures
626 1443 716 1508 luisse
728 1445 885 1518 credimus,
901 1444 952 1526 qui
963 1445 1147 1507 consultores
1160 1445 1270 1508 oraculi
1282 1445 1449 1527 acciperent

279 1551 310 1608 et
338 1547 408 1628 quid
429 1547 597 1610 laciendum
618 1557 696 1610 esset
717 1557 785 1611 ante
806 1567 895 1630 quam
916 1547 1145 1610 admitterentur
1164 1555 1447 1630 praemonstrarent,

279 1649 359 1730 quali
379 1649 476 1712 cilicio
491 1651 581 1712 etiam
595 1659 691 1712 semet
705 1649 803 1731 ipsum
818 1651 872 1713 lon
887 1651 969 1732 iungi
983 1649 1126 1724 declarat,
1147 1669 1240 1733 quum
1255 1649 1449 1730 interroganti

278 1751 393 1826 Xutho,
408 1751 458 1826 τίς
479 1745 684 1837 προφητεύει
706 1753 808 1828 θεούς
822 1754 982 1834 resplendet
995 1772 1022 1815 v.
1039 1755 1111 1828 tlt,

456 1843 552 1936 ἡμεῖς
572 1846 615 1915 τύ
638 1843 670 1934 γ’
692 1847 769 1930 ἔξω·
791 1855 858 1917 σοῖν
879 1849 945 1918 ἔσω
968 1844 1004 1916 δ’
1027 1845 1141 1930 ἄλλοις
1162 1845 1267 1935 μύλοι.

280 1961 410 2038 ttpparct
429 1953 509 2018 enim
534 1948 757 2038 προφητεύειν
777 1955 834 2018 boc
852 1955 917 2019 loco
932 1955 1034 2018 latiore
1049 1974 1139 2019 sensu
1154 1955 1357 2036 accipiendum
1374 1973 1471 2042 csse„

282 2075 344 2120 non
358 2058 394 2119 de
409 2057 536 2120 oraculis
550 2056 682 2130 edendis,
698 2057 749 2118 sed
766 2057 802 2120 de
817 2057 868 2120 illo
883 2075 989 2140 genere
1006 2065 1232 2140 praeceptorum
1244 2067 1333 2138 atque
1344 2058 1450 2120 admo·

281 2161 445 2236 nitionuma
460 2178 530 2222 nam
545 2159 618 2223 baec
632 2179 751 2242 quoquc
767 2159 815 2223 dei
830 2159 950 2223 nomine
965 2169 996 2223 et
1010 2165 1044 2224 ut
1058 2161 1122 2224 eius
1137 2160 1216 2224 iussa
1231 2159 1401 2224 edebantur.

369 2265 406 2328 lli
421 2282 527 2326 omnes
541 2262 631 2344 igitur
644 2262 689 2326 vel
700 2263 868 2327 sacerdotes
880 2263 923 2328 vel
936 2263 1063 2327 ministri
1075 2264 1162 2328 etiam
1176 2264 1206 2326 in
1217 2262 1359 2346 proximis
1370 2261 1450 2326 lonis

282 2367 379 2432 verbis
401 2367 521 2448 intelligi
542 2374 699 2448 poterunt,
720 2367 827 2448 quibus
846 2357 878 2428 oi
900 2365 1029 2448 Φοίβου
1050 2361 1180 2451 Δελφοὶ
1197 2359 1362 2448 θέραπες,
1382 2375 1449 2430 ante

282 2489 372 2554 quam
399 2470 542 2554 templum
569 2469 675 2532 adeant
701 2469 866 2552 ciliciisque
886 2469 949 2534 suis
972 2471 1147 2551 iungantur,
1174 2468 1291 2531 lustrari
1311 2468 1451 2532 iubentur

281 2575 452 2658 καθαραῖς
474 2567 621 2655 δρόσοις,
644 2591 712 2636 rore
727 2592 803 2656 pauc
814 2573 964 2638 Castaliae.
992 2567 1135 2651 Δρόσον,
1150 2579 1333 2649 atrorem,
1348 2591 1450 2654 apce-

282 2677 321 2740 tis
338 2695 429 2740 sensu
443 2677 570 2758 generali
585 2678 622 2740 de
637 2677 721 2760 aquis
736 2677 825 2740 etiam
840 2677 967 2740 sontium
984 2675 1039 2739 dici
1055 2674 1229 2738 tralaticium
1242 2683 1298 2738 est
1324 2676 1367 2740 Ci.
1382 2675 1448 2740 intr.

283 2801 311 2844 v.
336 2781 395 2844 tls
416 2791 446 2843 et
465 2781 538 2844 450.
569 2781 706 2844 t'alelren.
728 2791 758 2844 et
777 2780 878 2844 blonk.
898 2782 934 2844 ad
957 2781 1028 2844 liar.
1048 2777 1298 2861 llippol.v.126·
1326 2779 1397 2841 lntt.
1412 2779 1449 2843 ad

283 2884 386 2948 llcrat.
403 2885 441 2947 lll
462 2884 510 2948 od.
533 2887 569 2959 l,
584 2885 635 2948 ct.
668 2877 823 2967 Θέραπεα
842 2903 897 2967 pro
917 2877 1125 2966 θεράποντες
1144 2882 1182 2946 ab
1202 2881 1340 2964 Euripide
1360 2881 1449 2945 etiam

284 2987 316 3051 in
332 2989 476 3071 suppl-v.
492 2986 555 3050 ton
570 2986 723 3052 dicuntur:
744 2989 849 3072 reliqui
869 2989 929 3052 dcc
949 2987 1048 3070 tragici
1068 2985 1146 3050 banc
1166 2985 1299 3050 vocabuli
1320 2985 1448 3049 termam

285 3109 349 3156 non
363 3092 481 3156 babent
1077 3101 1084 3118 '

373 3195 503 3260 Proximi
516 3213 628 3268 versus,
644 3193 803 3270 ns-tct‚
819 3195 848 3258 in
864 3193 1013 3259 codicibus
1028 3193 1071 3256 sic
1083 3192 1185 3276 scripti
1200 3201 1285 3257 sunt:

531 3289 694 3379 στόματ’
716 3289 865 3384 stepen
885 3287 1056 3382 φρσι·ρεῖτ’
1079 3289 1219 3378 ἀγαθόν,

531 3395 647 3487 φήμας
668 3391 699 3463 τ’
721 3391 855 3483 ἀγαθὰς
876 3401 947 3476 τοῖς
967 3393 1143 3464 ἐθέλουσιν

529 3496 736 3584 praecedentia

531 3598 680 3690 γλώσσης
701 3597 789 3681 idlae
810 3597 1024 3692 ἀποφαίνειν.

287 3710 320 3774 in
348 3707 455 3792 quibus
474 3711 554 3776 laune
574 3709 749 3774 intinitivum
771 3729 867 3792 neque
891 3726 945 3791 pro
963 3706 1138 3796 imperativo
1162 3706 1253 3788 accipi
1274 3724 1370 3789 noque
1389 3707 1449 3770 ullo

287 3815 378 3876 modo
392 3833 461 3879 cum
475 3813 586 3897 reliqua
601 3811 733 3878 oratioue
749 3811 882 3876 construi
896 3831 985 3895 posce
996 3817 1125 3894 apparet.
1152 3809 1218 3874 Non
1230 3809 1328 3872 minus
1339 3809 1450 3873 absona

268 3942 271 3948 ’
287 3923 334 3978 cst
344 3917 452 3982 locutio
463 3913 577 4003 φήμας
587 3909 952 4000 α’γαθάςμαντεύεσθεε
968 3933 1037 3979 nam
1049 3913 1231 3988 vaticinatur,
1244 3905 1450 3994 μαντεύεται,

288 4035 347 4084 una
363 4019 479 4102 l‘ytbia,
498 4039 595 4103 neque
618 4021 741 4084 omnino
756 4019 808 4102 qui
823 4020 899 4084 bona
914 4019 1001 4083 verba
1016 4017 1123 4092 edunt,
1143 4017 1222 4081 undc
1237 4015 1346 4098 aliquid
1361 4016 1451 4080 lancti

290 4121 397 4186 ominis
416 4124 479 4206 capi
499 4123 608 4205 possit,
630 4135 783 4208 propterea
799 4123 855 4207 ipsi
870 4141 988 4206 quoquo
1001 4113 1229 4202 μαντεύεσθαι
1242 4119 1298 4183 dici
1312 4129 1450 4202 possunt.

290 4225 392 4309 ltaque
420 4225 594 4290 intinitivum
625 4222 853 4308 μαντεύεσθαι
877 4227 915 4292 ab
940 4217 1099 4290 ἐθέλουσι
1124 4225 1304 4307 pendentem
1330 4223 1451 4288 rescribi
1484 4211 1485 4216 ¹

290 4328 398 4392 delere
420 4329 478 4394 iam
500 4330 627 4412 Scaliger
651 4331 809 4408 intellexit,
835 4351 924 4415 quam
951 4329 1188 4394 emendationem
1214 4327 1329 4393 codices
1348 4335 1452 4410 poctea
1519 4353 1522 4360 ·

291 4431 389 4496 collati
401 4431 640 4515 comprobarunt
671 4434 833 4517 Signtueart
847 4443 967 4520 apparet
981 4432 1093 4498 oraculi
1107 4431 1310 4498 comultcrec:
1329 4449 1400 4496 nam
1414 4431 1452 4496 de
