3266 4958
772 469 925 568 At..

258 679 317 745 pro
333 657 496 736 tribracho,
512 676 604 744 quem
619 659 823 746 antistrophus
837 681 864 725 r.
883 659 945 728 138
959 660 1063 738 babet,
1079 663 1194 746 positus
1209 683 1274 729 esse
1289 667 1431 733 dicendus

257 765 328 829 erit.
358 763 417 827 Sed
437 763 522 830 lacile
538 763 655 830 ismbus
669 766 786 830 restitui
800 775 901 850 potest
915 757 1029 852 όυλίου
1044 767 1075 830 in
1089 759 1202 853 ἡλίου,
1222 777 1273 833 out
1287 771 1386 852 potius
1400 773 1432 836 iu

257 858 361 931 όλέου
376 875 508 946 mutato,
523 869 765 954 quandoquidem
780 870 827 934 vix
842 869 922 934 credi
937 877 1036 953 potest
1051 879 1182 954 poetam,
1199 871 1250 954 qui
1265 873 1349 940 initio
1364 895 1432 940 ver·

258 989 315 1037 sus
330 971 463 1036 doricam
478 973 608 1038 iormam
623 975 823 1058 usurpaverit,
847 975 924 1040 hanc
938 975 967 1039 in
982 975 1119 1058 proximo
1134 976 1256 1039 nominc
1271 979 1431 1060 spreuisse:

258 1075 450 1159 eandemque
481 1076 521 1140 ob
552 1095 672 1142 musam
703 1079 792 1142 etiam
819 1077 892 1167 θοᾷ
917 1099 972 1164 pro
998 1081 1069 1168 θοῇ
1093 1081 1282 1145 scribendum
1307 1080 1433 1146 ridetur.

259 1178 434 1263 Utrumque
460 1180 647 1245 normannus
672 1181 756 1256 iecit,
788 1183 935 1266 simulque
962 1184 1146 1267 glyconicum
1173 1195 1321 1258 metrum,
1344 1193 1379 1250 ut
1403 1187 1434 1251 in

258 1285 419 1368 superiore
442 1285 584 1368 strophae
611 1292 707 1366 parte,
733 1285 776 1351 sic
795 1287 884 1350 etiem
905 1287 935 1350 iu
955 1286 1010 1352 bac
1031 1297 1181 1352 servatum
1201 1309 1266 1354 esse
1286 1289 1433 1354 iudicavit.

260 1391 466 1452 Assenserunt
480 1387 650 1451 liermanno
665 1387 778 1464 Fitius,
799 1388 938 1463 Buthius,
953 1387 1168 1466 liirchbolllus,
1184 1393 1342 1468 Naucltius,
1359 1393 1433 1457 liar·

260 1500 393 1572 tunqus,
418 1509 585 1574 aquosum
605 1509 756 1554 consensu
776 1491 913 1572 equidem
934 1491 1089 1556 dissentire
1108 1495 1188 1558 nolo.
1223 1489 1436 1577 Παναμέριος

261 1613 359 1677 quum
380 1592 449 1658 alibi
462 1594 606 1676 significet
620 1603 700 1658 toto
716 1595 793 1674 die,
813 1596 952 1660 hocloco
967 1597 1007 1662 ito
1022 1597 1113 1681 accipi
1128 1615 1190 1662 non
1206 1617 1293 1681 posse
1308 1617 1358 1662 res
1373 1600 1436 1682 ipsa

261 1699 409 1764 declarat:
435 1697 551 1761 ridetur
576 1697 747 1780 quotidie
772 1699 945 1782 significare.
976 1700 1050 1764 Nam
1072 1701 1152 1784 quod
1175 1701 1345 1784 llarlunqus
1365 1721 1434 1766 cum

261 1802 422 1886 blettbiaeo
441 1801 478 1864 ad
498 1801 615 1884 llippol.
637 1821 664 1865 ν.
687 1803 750 1868 362
771 1797 979 1891 πανημέριον
999 1807 1087 1870 eliam
1108 1799 1143 1869 έν
1161 1801 1245 1890 τῇόυ
1264 1807 1305 1891 τῇ
1325 1795 1434 1892 ἡμέρᾳ

262 1905 431 1988 significare
452 1914 603 1980 autumat,
624 1905 653 1968 id
673 1926 766 1989 quum
786 1907 886 1992 ipsum
907 1926 960 1990 per
974 1927 1007 1971 se
1023 1927 1127 1990 pamm
1143 1907 1281 1972 credibile
1297 1907 1351 1982 sit,
1371 1915 1435 1972 tum

264 2007 411 2090 exemplis
431 2006 661 2090 haudquaquam
676 2010 747 2072 satis
761 2010 983 2092 comprobatur.
1012 2010 1047 2072 ln
1061 2010 1210 2094 Hippolyti
1225 2011 1344 2093 quidem
1360 2011 1435 2086 loco,

265 2103 321 2186 sir
342 2127 382 2172 οι
403 2103 613 2191 παναμέριος
632 2103 691 2174 b'ds
703 2105 819 2192 χρόνος
832 2105 935 2193 μένοι,
951 2112 976 2176 si
992 2130 1060 2176 uera
1073 2121 1119 2176 est
1134 2111 1231 2186 lectio,
1249 2105 1307 2175 ὅόι
1320 2105 1438 2195 χρόνος

267 2211 434 2295 significare
448 2211 571 2276 dixerim
587 2211 656 2276 boc
674 2223 819 2298 tempus
839 2213 937 2298 quod
957 2231 1054 2278 nunc
1068 2215 1197 2289 instet,
1214 2213 1302 2296 idque
1317 2221 1436 2298 tempus

267 2317 368 2382 sddtm
387 2315 531 2380 adiectiro
549 2309 760 2398 παναμέριος
779 2335 842 2382 non
857 2319 937 2382 huuc
950 2335 1044 2381 uuum
1061 2317 1113 2382 sed
1129 2335 1235 2382 omnes
1251 2317 1436 2382 insecuturos

267 2419 330 2486 dics
351 2420 527 2486 duraturum
548 2439 613 2485 csso
633 2419 770 2486 indicari:
790 2439 972 2505 quamquem
994 2420 1072 2486 hcud
1088 2421 1150 2486 ocio
1165 2439 1203 2484 an
1218 2439 1286 2486 vera
1300 2421 1340 2485 sit
1353 2419 1436 2485 llus·

266 2525 359 2609 qrsrii
380 2525 549 2591 coniectum
569 2517 676 2602 πόνος
695 2544 749 2609 pro
769 2519 893 2610 χρόνος.
924 2525 957 2589 ln
979 2525 1134 2608 Sophoclis
1153 2525 1290 2590 Trachin.
1313 2544 1340 2589 υ.
1363 2525 1436 2602 600,

267 2621 352 2694 ibor
371 2623 473 2710 μόλοι
495 2621 701 2712 πανόμυρος,
720 2629 894 2694 scholiastes
914 2629 1035 2713 quidem
1055 2629 1211 2711 significari
1226 2629 1365 2713 opinatur
1378 2625 1437 2714 τόν

266 2724 410 2818 σήμερον
430 2723 571 2817 ἦμέρανε
587 2731 639 2796 scd
653 2732 764 2797 rectius
774 2733 852 2796 haud
864 2733 952 2796 dubie
964 2731 1154 2814 coniungitur
1165 2728 1357 2813 πανόμιρος
1367 2752 1436 2797 eum

268 2829 472 2919 συγκραθιίς
490 2835 520 2898 in
540 2853 627 2898 versu
647 2835 803 2918 proximo,
823 2845 858 2899 ut
871 2835 985 2900 dicotur
999 2835 1035 2898 in
1056 2853 1162 2898 omne
1183 2843 1328 2918 tempus
1348 2853 1436 2900 con·

268 2937 431 3012 cilittus,
458 2937 712 3020 quemadmodum
732 2939 936 3012 licrmennus,
963 2937 1014 3020 qui
1041 2937 1112 3000 olim
1133 2937 1217 3000 aliter
1235 2947 1380 3012 senserat,
1406 2939 1437 3002 in

268 3039 398 3104 editione
426 3039 512 3103 tertia
537 3039 650 3103 statuit.
685 3039 856 3104 Erfurdtios
877 3039 997 3122 quidem
1021 3031 1213 3121 πανόμιρος
1232 3041 1355 3104 omnino
1376 3057 1436 3104 nou
1485 3065 1489 3072 ·

268 3143 306 3206 de
320 3151 457 3225 tempore
471 3141 525 3204 sed
539 3139 582 3204 de
597 3139 774 3216 moribus,
789 3151 824 3205 ut
834 3142 871 3204 ab
883 3134 1003 3226 ἥμερος
1014 3141 1136 3214 loetum,
1152 3149 1314 3223 acceperat,
1330 3161 1436 3224 quem·

269 3243 433 3306 sdnrcdum
453 3241 511 3306 iam
532 3251 600 3306 ente
615 3261 685 3306 eum
700 3243 763 3318 olii,
785 3243 967 3324 fueruntque
982 3243 1071 3306 etiem
1087 3243 1137 3324 qui
1151 3237 1335 3326 πανίμερος
1349 3243 1437 3306 scribi

270 3346 402 3410 mallent
432 3344 564 3428 Denique
580 3345 741 3428 llespchius
761 3346 834 3410 nihil
849 3345 927 3410 aliud
942 3345 1042 3419 docet,
1057 3345 1115 3409 nisi
1130 3339 1335 3430 πανημέριος
1348 3345 1436 3410 etiem

269 3447 313 3513 sic
326 3447 400 3522 diei,
415 3455 450 3512 ut
464 3465 525 3512 non
539 3447 653 3530 integer
666 3449 729 3512 dies
743 3449 780 3512 ab
795 3459 863 3512 ortu
878 3449 914 3512 ad
931 3465 1080 3522 oceasum,
1095 3448 1146 3512 sed
1161 3447 1220 3512 diei
1235 3447 1293 3510 iam
1308 3447 1436 3513 inchoati

270 3567 362 3615 omns
381 3550 528 3633 reliquum
550 3559 671 3634 tempus
685 3551 877 3632 intelligatur,
897 3550 926 3614 id
942 3549 1021 3634 quod
1037 3549 1108 3614 sotis
1122 3559 1229 3615 notum
1244 3559 1333 3633 etque
1348 3552 1437 3616 etiam

269 3655 307 3720 rh
322 3653 445 3720 Homeri
458 3653 624 3718 scholiastis
638 3655 675 3719 od
691 3654 724 3718 ll.
740 3654 763 3728 l,
779 3653 842 3718 472
858 3653 1046 3718 observatum
1062 3661 1116 3718 est.
1147 3653 1240 3736 igitur
1253 3665 1356 3718 nostro
1371 3654 1437 3719 loco

272 3759 352 3824 lonis
372 3757 460 3823 rerba
479 3757 523 3822 sic
544 3756 785 3842 interpretamur,
807 3766 842 3822 ut
856 3759 934 3822 dicat
948 3777 980 3822 se
996 3755 1125 3839 quotidie
1139 3757 1254 3820 diurnis
1269 3757 1437 3822 ministeriis

270 3862 370 3948 longi,
391 3862 422 3926 b
443 3879 469 3924 e.
491 3859 621 3943 quotidie
642 3862 782 3946 perlicere
804 3880 879 3944 quoe
895 3881 1015 3946 quoque
1030 3861 1077 3926 die
1092 3861 1270 3944 perficienda
1284 3860 1355 3924 sint.
1388 3855 1436 3924 Τό

269 3957 345 4030 κατ’
372 3951 461 4052 ἦμαρ
482 3973 529 4030 est
550 3967 570 4030 i.
593 3985 621 4049 q.
643 3963 683 4032 sd
706 3961 951 4051 καθημέρινον,
978 3967 1090 4030 scilicet
1111 3959 1288 4049 λάτρευμα.
1332 3961 1438 4045 incipit

271 4077 370 4133 autem
391 4067 465 4132 baec
483 4069 579 4134 lacere
602 4070 703 4134 stetim
717 4068 832 4134 oriente
848 4069 932 4139 Sole,
953 4057 1016 4149 ἅμ’
1032 4058 1129 4132 όλίου
1144 4061 1284 4149 πτέρυγι
1300 4063 1387 4150 θοᾷ,
1408 4065 1438 4128 in

273 4189 331 4254 qua
350 4170 499 4235 locutione
517 4167 682 4256 πτέρυγα,
701 4173 809 4246 alam,
830 4171 867 4234 de
886 4187 976 4235 curru
992 4171 1070 4234 Solis
1088 4171 1165 4236 alato
1185 4177 1237 4233 sut
1257 4168 1341 4232 aletis
1355 4167 1439 4248 equis

272 4281 357 4337 recto
371 4271 631 4358 interpretabimur
644 4295 714 4342 cum
728 4275 751 4341 l.
763 4276 798 4339 ll.
811 4273 927 4350 Vossio,
942 4273 1037 4359 Epist.
1050 4273 1143 4358 myth.
1155 4273 1191 4348 ll,
1207 4291 1236 4358 p.
1249 4269 1299 4336 62.
1327 4267 1438 4334 sedem

273 4373 386 4440 rationo
400 4369 734 4468 λιναόπτιροςόμέρα
745 4379 853 4444 dicitur
863 4378 969 4443 Troad.
981 4397 1008 4443 r.
1020 4377 1094 4444 826.
1117 4374 1301 4443 Schwarzius
1313 4373 1437 4452 (Soone,

275 4475 362 4546 lond
381 4479 444 4546 und
463 4481 570 4550 Βία-αν
588 4502 619 4570 p.
636 4483 710 4566 tut)
729 4483 825 4548 solem
844 4482 944 4568 ipsum
964 4483 1075 4548 damn
1097 4481 1226 4565 cogitare
1245 4469 1368 4544 mt'rult
1398 4475 1437 4542 ci.
