3186 4968
123 724 221 816 εἴπερ
243 735 306 798 sote
329 735 415 800 verbs
435 729 555 816 pisone
573 725 656 822 ἥβης
676 722 776 816 εἶχεν,
796 753 857 799 non
877 744 976 801 sutem
996 729 1116 802 ταύτόν
1134 755 1230 820 neque
1245 723 1286 800 ἔκ

122 837 401 922 subintelligendum
424 859 505 914 esse,
526 839 635 922 quippe
655 859 731 922 quse
751 839 839 904 rerbe
853 839 889 903 sd
904 841 1047 923 epodosin
1063 849 1178 906 tentum
1194 841 1286 924 perti·

122 950 243 1016 nerent,
262 949 296 1006 ut
316 943 401 1024 piens
420 944 516 1008 cretio
535 943 607 1008 boec
626 943 718 1008 toret:
741 934 839 1026 εἴπερ
857 937 977 1024 μέτρον
997 939 1080 1030 ἥβης
1107 931 1207 1024 εἶχεν,
1228 937 1285 1008 cot

121 1035 242 1107 ταύτὸν
255 1033 296 1108 ὃν
311 1033 404 1124 εἶχεν.
435 1045 538 1110 bieritc
553 1045 606 1109 bss
620 1045 749 1128 srgutirs
760 1045 870 1126 sprevit
882 1043 1065 1128 tinnungus:
1081 1047 1175 1110 miror
1184 1053 1285 1110 sutem

121 1147 201 1229 quod
216 1147 279 1230 ipse
292 1148 410 1231 scripsit
424 1143 480 1212 coi
500 1139 620 1212 radun
641 1142 731 1234 ἥβης,
754 1137 853 1228 εἴπερ
868 1137 950 1224 ἔστ’,
973 1140 1038 1226 ἔχει
1054 1143 1180 1230 μέτρον,
1195 1149 1286 1213 sdeo·

122 1267 180 1331 pue
200 1268 238 1312 ne
259 1251 329 1314 terri
344 1249 464 1332 quidem
480 1269 568 1334 posse
583 1241 680 1332 εἴπερ
695 1235 735 1333 ἧι·
749 1249 889 1322 stbrmst,
912 1250 1022 1333 quippe
1037 1251 1116 1334 quod
1132 1269 1285 1334 nunquam
1334 1297 1337 1302 -

123 1351 285 1434 signiticsre
307 1353 400 1434 possit
419 1355 449 1417 si
469 1359 693 1439 superesset
712 1355 826 1429 (nenn
849 1371 888 1416 er
908 1358 1023 1430 wrcen.
1059 1355 1176 1418 Scilicet
1194 1355 1287 1418 corri-

122 1454 208 1534 gendi
227 1456 360 1520 studium
381 1465 535 1540 tsntopere
554 1473 767 1538 nonnunquam
789 1456 920 1519 uirorum
942 1455 1031 1520 etism
1047 1456 1287 1522 doctissimorum

124 1565 254 1620 mentem
276 1559 444 1634 obnubilat,
465 1567 499 1623 ut
518 1559 561 1622 rei
582 1560 803 1623 notissimsrum
819 1577 919 1622 rerum
935 1559 1128 1624 immemores
1143 1563 1222 1624 bant
1251 1559 1289 1622 Et

124 1679 183 1742 quo
205 1661 297 1742 msgis
317 1661 451 1736 mireris,
473 1663 641 1744 liertungus
662 1680 763 1726 secum
784 1661 846 1744 ipse
861 1671 988 1746 pugnat,
1009 1681 1103 1746 quum
1119 1663 1149 1727 in
1163 1679 1287 1728 conver·

124 1763 207 1828 sione
222 1764 377 1828 veroseuts
391 1765 558 1849 scripserit:
582 1765 628 1830 tir
643 1766 762 1838 bitte,
784 1763 868 1830 iebt'
883 1784 939 1840 er,
961 1767 1131 1851 gie-ichen
1145 1765 1288 1830 Alters·

123 1868 212 1948 pred
229 1867 373 1932 mitdir.

212 1969 253 2033 De
279 1973 482 2054 proximonum
513 1991 651 2036 versuum
671 1971 878 2034 distributione
898 1972 1064 2056 subigitur.
1100 1973 1176 2036 Nam
1196 1987 1289 2054 quum

127 2071 213 2153 vulgo
229 2091 255 2135 r.
272 2073 335 2137 369

343 2169 458 2240 n'drxei
478 2195 528 2238 κικ
550 2167 569 2238 d
593 2169 683 2254 θεός,
706 2169 725 2260 r}
748 2179 891 2242 τεκοῦσα
913 2169 947 2240 d’
969 2169 1077 2241 ἀθλία

128 2276 191 2340 1οηί
207 2277 362 2353 tribuetur,
377 2298 507 2363 eumque
522 2279 647 2363 excipiat
662 2282 788 2344 tlreusse
803 2300 905 2346 versus

352 2373 471 2448 discen
492 2375 542 2448 ἔτ’
563 2374 663 2448 ἄλλον
684 2377 819 2466 doceres
839 2383 943 2448 circes
966 2379 1070 2467 γόνον.

130 2483 318 2549 dermannus
334 2485 389 2550 bos
405 2506 506 2550 versus
522 2487 717 2570 transposuit,
738 2487 818 2550 bunc
832 2487 958 2550 sitorum
974 2489 1038 2550 loni
1053 2486 1200 2558 tribuens,
1221 2495 1255 2548 nt
1268 2483 1293 2546 is

129 2585 299 2670 interroget,
311 2605 410 2652 nonne
421 2589 511 2653 olium
524 2598 626 2672 postes
639 2598 756 2672 psrtum
769 2590 816 2652 iiis
827 2589 933 2654 mulier
942 2589 1074 2665 ediderit,
1089 2589 1182 2652 sitero
1193 2597 1292 2652 sutem

130 2707 232 2763 versu,
253 2692 282 2754 in
303 2710 364 2774 quo
382 2684 420 2756 od
441 2693 583 2756 τεκοῦσα
604 2711 658 2776 pro
673 2685 692 2776 ἡ
708 2689 851 2756 τεκοῦσα
865 2694 954 2757 scribi
969 2695 1044 2768 vult,
1064 2695 1173 2756 Creusa
1188 2691 1216 2754 id
1233 2707 1293 2753 non

129 2793 241 2856 ductum
262 2815 328 2858 esse
348 2795 536 2879 respondeat.
568 2795 637 2860 biibi
658 2795 788 2870 isordo,
809 2815 899 2880 quem
914 2797 1030 2862 codices
1045 2795 1170 2868 bebent,
1185 2793 1294 2858 serrsn'

91 2957 94 2962 .
131 2915 219 2976 posse
234 2897 357 2962 ridetur.
386 2899 460 2962 Nem
476 2899 555 2982 quod
571 2899 758 2962 llermsnnus
773 2899 828 2974 sit,
850 2917 912 2963 non
926 2899 1063 2964 debuisse
1078 2899 1194 2973 ionem,
1208 2898 1234 2962 si
1248 2899 1295 2966 dei

132 2998 303 3064 iniustitiam
333 3001 497 3086 vitupersrc
523 3003 621 3074 vellet,
648 3001 684 3065 sd
709 3009 859 3087 receptam
878 3003 969 3068 modo
989 3003 1092 3068 setstis
1112 3001 1295 3066 notationem

132 3103 321 3184 respondere,
337 3105 447 3190 quippe
461 3125 537 3190 quse
552 3105 623 3170 nibil
638 3106 674 3170 sd
689 3105 757 3170 nen
772 3105 955 3189 iniquiorem
970 3105 1125 3190 pertineat,
1140 3104 1198 3170 boc
1208 3121 1296 3188 ergn-

134 3213 269 3270 mentum
289 3209 332 3272 sic
351 3215 467 3274 tentum
489 3209 611 3282 valeret,
632 3209 656 3272 si
672 3209 881 3274 urrumnodo
896 3209 932 3274 de
947 3217 1061 3284 rotate,
1081 3225 1142 3272 non
1155 3209 1245 3272 etiem
1260 3208 1297 3271 de

133 3307 254 3374 interitu
274 3313 357 3395 pueri
378 3331 471 3398 quum
491 3315 631 3377 sCreuss
652 3311 775 3392 (1.368
796 3304 893 3398 ei'srep
913 3299 979 3398 ἦν),
997 3323 1062 3378 tum
1083 3312 1121 3378 sb
1142 3311 1207 3395 ipso
1228 3311 1298 3376 dono

134 3413 175 3490 (r.
192 3413 254 3478 367
270 3411 566 3503 διαπεπραγμένῳ)
581 3415 694 3481 dictum
710 3425 798 3480 esset.
829 3417 915 3482 Nunc
929 3417 1018 3502 igitur
1032 3417 1068 3480 de
1084 3417 1204 3480 interitu
1218 3417 1298 3498 cogi·

134 3525 200 3580 tons
216 3535 276 3582 non
292 3537 363 3584 sune
380 3519 477 3604 inepte
494 3521 546 3585 ion
562 3520 608 3584 dei
624 3518 827 3603 iniquitatem,
849 3521 900 3605 qui
916 3539 1041 3605 puerum
1057 3521 1177 3586 interire
1195 3537 1299 3604 pessus

132 3620 179 3694 sit,
195 3617 321 3686 rccudnt.
348 3615 494 3688 nurnero
507 3625 598 3696 euim,
614 3623 758 3705 praesenti
774 3631 920 3707 ternpore,
936 3641 997 3688 non
1012 3625 1049 3688 de
1064 3625 1100 3688 iis
1114 3625 1212 3688 sotum
1227 3624 1298 3688 dici·

133 3729 191 3797 tur,
207 3724 257 3807 qui
273 3725 330 3790 boc
345 3727 410 3810 ipso
425 3737 560 3810 tempore
576 3725 712 3790 iniuriam
728 3725 848 3797 iaciunt,
864 3727 916 3790 sed
931 3735 977 3791 est
991 3745 1206 3811 saepenumero
1221 3727 1298 3791 idem

132 3825 213 3907 quod
237 3817 359 3892 dccxcv
379 3817 481 3902 eirca,
502 3837 536 3894 ut
558 3829 652 3913 possit
671 3847 726 3911 pro
746 3848 782 3892 eo
802 3829 891 3892 etism
908 3819 1114 3916 ἠδικηκέναι,
1136 3823 1300 3915 ἀδικῆσαι

132 3928 204 4003 dici,
231 3929 260 3992 id
281 3931 361 4012 quod
382 3931 534 3996 Heindorf.
556 3941 586 3995 et
608 3930 723 3996 bonite.
742 3931 779 3994 sd
799 3930 873 3994 rut
894 3933 1009 4015 Protsg.
1028 3935 1093 4010 11.
1114 3932 1235 4016 bruger.
1263 3931 1300 3996 sd

133 4030 252 4114 biceps.
266 4032 329 4096 un.
345 4033 512 4118 historiogr.
527 4055 556 4118 p.
569 4035 629 4098 ³04
645 4033 753 4116 aliique
769 4033 855 4098 multi
866 4033 1069 4100 obserusmrnt.
1100 4035 1196 4100 blinus
1210 4035 1300 4099 etism

132 4134 168 4196 de
183 4135 278 4200 sltero
293 4153 380 4202 versu
395 4138 541 4203 assentior
553 4138 733 4211 Hermanno,
749 4155 843 4220 quum
858 4145 960 4221 optum
975 4157 1043 4203 esse
1057 4139 1199 4222 urgetsic
1209 4141 1303 4204 Creu·

132 4255 195 4302 sem
211 4239 302 4324 loqui,
317 4258 395 4324 quse
409 4257 471 4306 nou
486 4250 547 4306 tsm
563 4259 670 4306 norem
685 4240 819 4325 prolem,
834 4259 923 4325 quem
940 4259 1030 4326 quem
1045 4241 1194 4328 pepererit
1210 4243 1303 4308 titium

133 4351 263 4422 qmersc
292 4343 415 4419 Quserit
433 4361 523 4420 soom
542 4345 595 4410 sed
615 4363 678 4411 non
697 4343 797 4408 minus
817 4345 907 4410 etism
921 4363 1029 4411 noram
1044 4347 1160 4432 protem
1173 4357 1305 4432 exoptet,

86 4491 88 4498 .
132 4461 213 4508 nuno
225 4453 342 4520 suum,
355 4447 393 4510 de
407 4447 502 4512 amics
516 4465 570 4512 sus
584 4447 721 4531 loquens,
734 4455 846 4512 sortem
862 4449 926 4513 eius
940 4453 1023 4514 tento
1038 4450 1226 4516 miseriorem
1240 4470 1308 4517 esse

132 4547 188 4622 sit,
211 4549 290 4629 qrrcd
313 4565 350 4614 ne
371 4547 429 4614 etio
449 4547 569 4630 quidem
592 4565 686 4631 puero
705 4557 775 4632 post
796 4549 905 4633 prioris
924 4549 1077 4618 interitum
1091 4553 1172 4618 edito
1186 4553 1307 4638 eliquod

1059 4651 1102 4714 w
