3166 4962
649 476 801 579 aar*

135 669 171 734 do
184 662 276 735 καθό
290 670 434 754 cogitavit.
476 668 639 735 Droniviunr
655 675 765 744 autem,
779 667 805 731 si
820 666 996 732 Lvhmianae
1011 667 1219 752 disputationis
1234 686 1304 732 mo··

134 793 203 840 mor
222 775 342 848 inisset,
363 774 448 838 aliter
465 773 502 837 do
522 775 580 837 boo
599 773 664 837 loco
685 771 880 836 iudicaturum
895 771 987 836 tuisse
1002 769 1107 844 oredo.
1127 789 1218 854 quarn
1232 770 1303 836 ieoit

138 879 177 940 12
193 896 221 962 p.
238 877 301 941 322
316 895 398 960 squ:
421 894 491 940 nam
512 875 628 952 omnia,
649 894 724 958 quae
745 873 813 938 indo
828 893 855 940 a.
869 892 895 940 v.
910 875 947 937 21
973 893 1067 958 usque
1085 873 1122 938 nd
1147 893 1176 956 p.
1192 874 1265 948 uit,
1280 872 1301 937 6

135 990 311 1063 sequuntur,
331 987 411 1042 recte
430 979 598 1050 cohaerent,
620 979 645 1042 si
666 978 703 1041 do
718 979 782 1043 adv.
798 969 844 1040 roi
858 977 1042 1060 accipiuntur
1064 978 1121 1056 (sio
1134 977 1225 1051 enim,
1240 993 1303 1040 non

133 1085 192 1172 τῷ,
206 1083 396 1166 Apollonium
410 1081 565 1166 scripsisse
580 1093 694 1146 eertum
709 1087 779 1162 est.)
801 1081 938 1146 &vrorum
954 1081 1025 1146 ittud
1039 1081 1103 1143 sine
1116 1079 1207 1144 dubio
1221 1089 1300 1146 recte

135 1187 297 1252 abronkio
316 1185 554 1251 animadversum
573 1190 629 1262 est,
650 1202 709 1249 non
730 1185 820 1248 modo
840 1186 949 1260 onmia,
971 1203 1046 1268 quoe
1067 1183 1135 1249 inde
1149 1203 1166 1248 a
1181 1203 1211 1267 p.
1227 1183 1300 1260 616,

139 1290 177 1354 19
197 1290 346 1372 leguntur,
370 1289 408 1354 ab
432 1289 490 1355 boo
508 1289 545 1353 de
565 1289 709 1352 adverbiis
729 1289 827 1352 iiboiio
849 1289 941 1352 aliona
961 1309 1026 1353 osso
1046 1297 1077 1352 et
1097 1288 1134 1350 ad
1155 1286 1246 1351 libros
1264 1286 1302 1352 do
1414 1301 1416 1306 ·

135 1393 355 1458 construetione
370 1393 532 1476 pertinere,
553 1393 583 1456 id
603 1393 681 1474 quod
696 1393 753 1456 inm
769 1402 838 1456 anto
855 1392 1052 1456 Schneidonrs
1068 1390 1232 1456 luculenter
1246 1390 1300 1454 de·

136 1503 361 1569 monstraverat,
383 1495 435 1559 sod
456 1496 544 1560 etiam
565 1496 596 1560 in
615 1496 767 1578 superiore
786 1495 850 1560 iibri
874 1503 956 1578 vene
971 1514 1072 1560 verum
1088 1495 1222 1558 ordinem
1238 1511 1302 1558 non
1342 1562 1348 1575 ,

136 1599 229 1664 semol
243 1617 417 1684 perversum
436 1619 510 1675 osse,
534 1600 623 1684 idque
643 1617 704 1663 non
724 1597 779 1682 ipsi
794 1599 948 1682 epottonio
967 1599 1019 1664 ssd
1036 1599 1084 1663 otii
1099 1598 1227 1682 ouipiom
1241 1599 1299 1662 ina·

134 1705 299 1788 putandum
314 1703 416 1782 videri,
436 1703 487 1787 qui
508 1703 589 1768 iooos
611 1721 649 1767 ex
668 1703 730 1768 airu
745 1701 820 1766 libro
835 1710 990 1784 excerptos
1004 1719 1066 1766 non
1080 1711 1161 1766 recto
1174 1721 1299 1788 conopo-

135 1809 237 1872 suerit.

221 1911 254 1974 P.
270 1911 344 1986 615,
364 1910 411 1974 13.
440 1910 547 1974 Sormo
562 1917 609 1973 est
623 1909 660 1974 de
675 1907 882 1972 adverbiorum
898 1907 954 1971 ioci
969 1905 1063 1971 tribus
1078 1907 1301 1990 significationi·

134 2013 200 2088 bns,
216 2031 309 2098 quum
320 2021 371 2077 aut
385 2011 444 2076 ubi
459 2011 569 2094 aliquid
582 2012 631 2090 sit,
646 2018 697 2074 aut
712 2031 783 2094 quo
797 2013 909 2088 tendat,
923 2016 974 2074 aut
989 2011 1084 2073 undo
1099 2011 1302 2093 proficiscatur

135 2115 273 2180 indicent.
298 2114 356 2179 Sed
373 2115 625 2196 quomadmodum
640 2115 762 2178 nomina
777 2115 808 2176 in
823 2114 918 2178 tribus
933 2113 1090 2194 generibus
1104 2113 1301 2194 significandis

135 2219 189 2282 olio
205 2219 290 2283 alitor
303 2237 335 2282 so
350 2218 492 2290 belmont,
512 2217 631 2302 sintque
647 2217 788 2282 nonnullo
803 2235 924 2290 eorum,
946 2235 1019 2298 quae
1036 2233 1129 2280 unum
1145 2217 1236 2280 modo
1250 2237 1302 2300 go-

134 2339 192 2386 nus
207 2321 346 2398 indicent,
371 2330 406 2384 ut
428 2311 518 2405 ἀνήρ,
541 2315 632 2406 γονή,
657 2321 723 2398 ntia,
749 2340 826 2404 quae
846 2320 901 2384 tria
922 2338 1038 2402 genera.
1065 2329 1176 2384 mutata
1192 2319 1304 2384 seilicet

135 2424 354 2500 terminatione,
368 2433 403 2487 ut
416 2416 525 2501 καλός,
541 2417 634 2509 καλή,
650 2417 759 2499 καλόν,
774 2423 839 2498 ntia,
855 2441 982 2506 quarum
998 2439 1057 2485 una
1072 2422 1166 2486 iorma
1182 2439 1302 2488 mascu-

135 2529 229 2592 linum
244 2533 274 2591 et
288 2526 476 2602 femininum,
496 2527 587 2591 attera
608 2537 748 2591 neutrum
768 2545 876 2609 genus,
902 2535 937 2588 ut
961 2517 981 2588 ὁ
1001 2535 1032 2589 et
1054 2517 1073 2609 ἡ
1098 2519 1241 2611 ψευδής,
1261 2519 1302 2590 vd

135 2623 270 2716 ψευδές,
294 2630 348 2693 otia
363 2630 490 2712 deniquo
505 2649 632 2714 quanam
647 2631 744 2694 neutri
759 2629 874 2714 generis
889 2629 984 2692 iorma
1000 2627 1078 2690 nnita
1093 2629 1140 2702 vit,
1156 2629 1198 2693 sio
1212 2629 1302 2692 etiarn

119 2733 166 2796 in
185 2733 294 2798 horum
313 2733 519 2798 adverbiorum
540 2733 752 2816 significatione
772 2733 856 2797 ioonli
876 2731 973 2796 simile
994 2731 1064 2814 quid
1085 2731 1303 2798 observandum

135 2855 209 2900 esso.
243 2827 362 2900 ’Ἔστιν
385 2827 565 2918 edomabat,
591 2837 703 2920 inquit,
730 2831 789 2901 καὶ
816 2832 874 2921 τὴν
902 2833 968 2897 τῶν
990 2835 1143 2899 τοπικῶν
1163 2828 1304 2921 ἐπιρρη-

133 2933 247 3020 μάτων
275 2929 389 3016 σχὲσιν
420 2929 461 3003 ovi
492 2933 593 3020 μόνον
623 2935 807 3023 μοναδικῆν
839 2923 956 3015 οὖσαν,
990 2928 1076 3002 dou
1106 2932 1151 3022 μῆ
1178 2931 1238 3001 καὶ
1266 2931 1305 3016 ἒξ

135 3032 344 3117 ἀκολουθίας
374 3031 568 3123 ἐγγίνεσθαι
595 3035 659 3116 τὰς
688 3032 896 3115 duototnovr
927 3032 1056 3116 σχίσεις
1087 3039 1153 3102 τῶν
1177 3032 1303 3116 τόπων,

135 3135 249 3224 ὥσπερ
271 3135 332 3206 ἐπὶ
352 3143 414 3207 τοῦ
435 3139 485 3230 πῇ
506 3135 742 3228 introducetur.
788 3143 936 3206 iiaotenus
951 3142 1050 3204 omnia
1064 3159 1135 3205 sana
1148 3140 1302 3205 videntur:

135 3253 325 3327 eomparatur
350 3243 431 3310 enim
462 3246 511 3332 πῇ
532 3265 600 3312 cum
623 3246 793 3310 nominibus
817 3241 1010 3324 μοναδικοῖς
1035 3244 1080 3307 vot
1104 3237 1304 3326 μονογενέσι,

135 3347 245 3429 quippe
259 3363 352 3427 quum
366 3362 426 3410 una
440 3353 558 3410 tantum
572 3349 783 3430 significatione
802 3347 860 3412 dici
873 3347 1029 3428 Apollonio
1045 3345 1186 3422 videatur,
1205 3365 1304 3432 nequo

118 3465 189 3529 ,per
209 3447 349 3510 [teriones
365 3449 454 3510 etiam
476 3449 604 3530 reliquas
625 3450 698 3514 duas
719 3448 868 3532 suscipere
888 3468 987 3532 posse.
1023 3447 1083 3512 Sed
1105 3467 1182 3530 quas
1200 3449 1304 3513 statim

135 3557 311 3632 sequuntur,
331 3542 389 3611 καὶ
411 3538 519 3612 ἄλλων
532 3535 578 3613 ὧν
596 3545 830 3633 παρεθέμεθα,
853 3549 897 3614 sio
910 3549 1029 3631 adiungi
1044 3551 1126 3614 nuiio
1143 3551 1234 3615 modo
1249 3571 1305 3634 po·

136 3659 269 3716 tuorunt.
301 3643 487 3732 :inposuerat
512 3651 593 3716 enirn
613 3651 786 3734 Apollonius
812 3657 928 3716 tantum
952 3639 1023 3716 ποῦ
1049 3661 1080 3716 ot
1104 3653 1217 3717 iormos
1236 3653 1306 3718 bino

135 3755 262 3822 dederas
276 3747 374 3830 πόσα,
397 3746 501 3832 πόθι,
523 3747 647 3833 πόθεν,
669 3755 749 3838 quod
768 3771 861 3838 genus
880 3754 908 3819 ei
930 3771 991 3819 non
1010 3751 1192 3836 μοναδικόν
1214 3755 1306 3822 videri

134 3875 257 3922 nooosso
270 3863 343 3928 orat.
357 3855 409 3920 aod
424 3857 656 3940 oomparandum
671 3875 740 3921 curn
756 3855 927 3920 nominibus
943 3855 1110 3934 mobilibus,
1126 3876 1201 3938 qum
1213 3858 1305 3924 trium

136 3976 278 4043 generum
293 3957 536 4040 significationem
551 3955 591 4037 ἐξ
604 3949 820 4036 ἀκολουθίας,
832 3969 944 4022 mutata
959 3958 1072 4024 scitioet
1085 3961 1306 4038 terminatione,

135 4061 286 4143 recipiam.
315 4060 426 4124 Deinde
446 4078 540 4144 quum
560 4061 666 4126 dixerit
684 4054 723 4124 σι’·
744 4054 845 4142 μόνον
866 4055 1051 4146 μοναδικῇν
1073 4051 1187 4140 οὖσαν,
1209 4082 1308 4147 oppo-

135 4162 268 4228 nendum
282 4161 340 4227 tuit
353 4162 423 4228 boio
444 4163 581 4227 membro
596 4183 649 4248 per
662 4153 748 4225 ἄλλα
762 4171 814 4226 aut
828 4163 955 4228 simitenv
970 4163 1210 4229 coniunctionem
1226 4163 1307 4230 alind

136 4284 229 4349 genus
243 4265 449 4329 adverbiorum
464 4265 500 4329 ad
514 4265 609 4330 varias
623 4265 852 4349 significationos
866 4265 1052 4345 nerbilium,
1073 4285 1204 4352 quornm
1218 4285 1308 4332 mon·

138 4365 250 4430 tionem
270 4365 392 4448 quidem
413 4385 483 4430 nrox
503 4367 611 4432 tautam
633 4367 781 4446 videmus,
801 4387 905 4434 verum
920 4369 978 4444 sio,
1000 4381 1110 4435 utnon
1125 4371 1238 4457 opponi
1251 4371 1308 4438 idio

137 4461 331 4543 μοναδικοῖς
344 4465 498 4531 videantur
511 4467 565 4532 sed
579 4486 648 4534 ourn
663 4469 699 4534 iis
713 4471 866 4536 contundi.
897 4471 1002 4556 itaquo
1016 4485 1086 4560 port
1098 4467 1159 4540 tut
1172 4473 1237 4540 vovi
1249 4475 1310 4562 πῇ
