3186 4958
643 421 744 518 „¹3⁷

131 609 341 694 contemplanti
357 609 471 674 diuersa
483 619 582 674 umen
593 629 661 672 esse
671 609 857 674 ridebuntur.
880 609 992 694 Nempe
1004 611 1034 674 ia
1046 609 1154 676 borum
1167 621 1293 694 utroque

130 713 253 778 rorbum
269 724 314 778 est
326 713 454 777 bominis
468 713 609 778 iudicium
625 721 655 776 et
669 711 916 776 existimationem
932 714 1109 796 signideans,
1126 735 1203 798 quae
1217 735 1293 798 quo·

131 835 200 882 nam
215 827 390 902 argumento
405 827 567 892 mereatur,
590 816 789 899 iuterrogatiri
805 817 988 902 pronominis
1003 818 1101 883 dativo
1118 838 1188 882 casu
1203 839 1294 904 quae·

130 923 221 1000 ritur3
237 923 266 988 in
282 923 329 988 iiia
345 923 434 990 altera
450 931 550 988 autent
566 921 716 986 iuratione
738 912 826 998 riade
846 921 1081 1005 probabilitatem
1097 923 1244 1007 qttaudnrn
1258 943 1293 990 ao

130 1028 272 1094 iustitiam
287 1047 387 1094 rerum
403 1027 543 1111 designat.
559 1037 739 1114 apparetque
756 1025 798 1090 nd
815 1025 843 1090 id
858 1027 959 1112 quaeri
975 1027 1115 1113 putuisse,
1130 1048 1191 1112 quo
1204 1029 1291 1094 modo

130 1151 226 1218 quone
240 1141 425 1218 argumento,
448 1131 492 1196 rei
511 1133 601 1196 etiarn
623 1131 740 1197 euinam
758 1131 870 1197 bomini
885 1153 936 1196 eae
952 1133 1119 1218 probandae
1133 1154 1199 1198 esse
1214 1135 1292 1200 tide·

131 1249 227 1303 autur.
271 1239 344 1303 tttud
370 1237 493 1303 aiterum
516 1255 571 1322 per
594 1238 764 1302 aab-urbium
789 1232 862 1314 πῶς
886 1237 988 1322 quaeri
1011 1237 1145 1302 ridemus
1167 1257 1193 1302 ν.
1215 1239 1292 1302 out:

130 1341 237 1404 ταῦτα
260 1341 335 1418 πῶς
366 1331 492 1416 eiectae,
520 1333 641 1426 γέροντ’
663 1333 828 1406 dantium
851 1337 973 1406 πολιόν
994 1331 1099 1424 ἄνδρα
1122 1337 1200 1426 περὶ
1222 1337 1296 1406 κλι-

133 1440 276 1530 ψιἯραν,
305 1465 402 1528 neque
426 1445 530 1508 dubito
555 1446 627 1528 quin
649 1447 871 1529 Aristophanes,
896 1445 922 1509 ai
948 1447 1006 1509 hoe
1031 1447 1182 1520 voluisset,
1205 1449 1293 1510 etiarn

131 1554 235 1612 nostro
250 1551 315 1614 ineo
330 1559 360 1612 et
374 1549 423 1613 din
437 1551 530 1612 aitero
545 1550 575 1612 in
591 1549 905 1634 Tbesrnopitoriazusis
921 1544 996 1624 πῶς
1017 1537 1080 1632 peip
1095 1541 1185 1626 εἰκός
1198 1549 1294 1614 dietu-

131 1669 184 1714 rus
198 1651 312 1716 inisset.
361 1651 447 1718 uuae
465 1661 581 1728 autom,
602 1671 695 1736 quum
714 1649 763 1738 aqi
783 1652 875 1728 dieat,
902 1643 1001 1736 ἀνδρί
1027 1653 1185 1716 subaudire
1206 1653 1292 1728 maio,

132 1753 306 1838 pioniusque
324 1754 560 1820 seutentiamsio
579 1773 710 1841 expono:
744 1747 803 1820 ἰ’νι
834 1747 965 1838 (dodoi)
996 1745 1084 1831 sinric
1110 1747 1183 1819 ἐστι
1211 1755 1241 1820 b.
1266 1775 1292 1820 e.

133 1849 222 1936 εἰκὸς
243 1845 330 1923 εἶναι
353 1853 462 1938 δόξεις
480 1859 546 1923 Non
562 1859 751 1924 incommode
765 1857 846 1923 butte
860 1859 989 1924 datiuum
1009 1859 1139 1922 iudicii
1161 1868 1198 1924 et
1216 1859 1294 1924 eai-

131 1962 364 2027 etimationis
383 1983 450 2028 esso
463 1963 583 2038 dixeris,
604 1983 694 2048 quam
715 1963 773 2026 rim
788 1963 876 2028 datiri
891 1963 1097 2027 demonstrant
1118 1963 1206 2027 etiam
1227 1965 1294 2028 tatia

134 2066 276 2149 exempla,
292 2067 378 2148 quale
393 2066 450 2132 boe
463 2073 509 2130 est
522 2067 600 2150 apud
616 2067 796 2152 Euripidem,
812 2065 923 2130 i’boun.
940 2067 1018 2131 tua:
1035 2056 1107 2144 οὐχὶ
1130 2063 1295 2148 περιπλο-

133 2162 196 2243 nde
216 2163 324 2250 λόγιον
345 2161 513 2254 ἀθροίσας
535 2157 642 2249 sinna,
664 2161 750 2234 ἄλλα
770 2163 827 2234 καὶ
844 2171 964 2255 σοφοῖς
978 2163 1035 2233 καὶ
1049 2171 1138 2234 τοῖσι
1154 2164 1296 2256 φαύλοις

133 2261 257 2344 ἔνδικα,
280 2270 311 2334 b.
331 2291 357 2335 e.
378 2291 454 2355 quae
473 2281 504 2336 et
523 2273 671 2356 sapientes
692 2281 724 2337 et
744 2273 873 2356 imperiti
896 2275 971 2336 iusta
994 2292 1059 2336 esee
1087 2272 1225 2347 iudicent,
1245 2284 1296 2336 aut

133 2373 224 2458 Sopb.
245 2373 341 2456 bntig.
362 2393 389 2438 ν.
410 2373 490 2438 bot:
520 2373 631 2438 auitos
660 2365 691 2438 o'
712 2367 777 2456 e'ped
796 2367 931 2460 ’τίμησιν
957 2375 1027 2450 τοῖς
1047 2375 1228 2462 φρονοῦσιν
1249 2363 1295 2452 sd,

133 2475 381 2560 bapeaumes
402 2497 450 2542 me
472 2477 524 2542 tibi
546 2477 690 2543 bonorum
712 2477 849 2542 imbuisse
870 2477 1049 2544 iudicabunt.
1093 2477 1167 2542 uixit
1187 2479 1224 2541 de
1239 2477 1296 2542 bue

131 2597 186 2642 usu
203 2580 289 2644 darm
306 2581 480 2646 biattbiaeus
495 2585 523 2659 b.
540 2581 612 2656 388.
625 2582 756 2666 iteratque
771 2581 977 2664 iternirardpus
993 2583 1114 2664 spatas,
1129 2603 1159 2666 p.
1176 2581 1228 2652 83.
1243 2582 1295 2665 qui

130 2693 211 2748 recte
226 2685 285 2750 hue
296 2686 409 2750 rettudit
420 2685 507 2750 etiarn
520 2687 652 2769 bescbpii
664 2705 792 2762 uersum,
805 2687 890 2750 liuns.
903 2707 929 2750 a.
942 2687 1014 2760 622,
1026 2686 1076 2750 ubi
1086 2705 1179 2770 quum
1191 2687 1295 2770 bpodo

132 2789 386 2870 Agamemnonem
407 2785 479 2854 dicit
498 2781 718 2877 ἠμποληκότα
742 2787 784 2854 ati
809 2781 935 2854 πλεῖστ’
963 2781 1105 2870 ἀμείνον’
1127 2783 1295 2875 sigonam,

132 2891 205 2954 nibil
221 2893 299 2957 aiiud
315 2895 399 2970 dicit,
422 2913 512 2978 quarn
527 2897 779 2976 Agamemnonem
796 2895 936 2980 pieraque
957 2895 1032 2956 bene
1051 2895 1176 2976 gessisse
1191 2913 1208 2957 a
1223 2913 1296 2977 pru·

133 2994 270 3060 dentibus
286 2999 416 3062 iudicari.
443 2999 517 3062 Cum
534 2999 581 3062 iiia
596 3010 694 3062 autem
710 2999 859 3062 locutione
873 2995 920 3084 aqi
935 2993 997 3081 γάρ
1009 2991 1116 3074 sisaim
1126 3015 1187 3060 non
1200 2999 1297 3083 inepte

132 3103 297 3182 eomparari
318 3112 416 3184 potest
435 3103 484 3186 aqi
505 3097 619 3186 ὀῆλονς
639 3102 784 3166 euinant
806 3108 974 3186 apertum
995 3099 1076 3164 esti
1098 3121 1155 3184 qua
1170 3101 1297 3165 iormnia

133 3201 348 3269 Demosthenes
365 3225 407 3268 or.
424 3205 453 3269 in
467 3205 567 3268 boeot.
583 3205 595 3267 i
610 3205 765 3287 aliquoties
782 3224 862 3278 usus,
879 3205 968 3267 reiuti
983 3209 1011 3282 ἢ.
1026 3205 1057 3266 ii.
1079 3206 1136 3278 id..
1151 3223 1298 3286 quaenam

131 3305 198 3370 eius
217 3307 259 3370 ris
276 3308 316 3371 sit
333 3308 397 3370 aiiis
416 3307 511 3371 verbis
526 3307 588 3390 ipse
604 3307 692 3372 docet
706 3312 733 3386 ᾖ.
754 3308 805 3371 tu:
827 3307 878 3384 τίς
900 3297 1027 3370 sinaeus
1042 3307 1108 3368 τῶν
1123 3301 1272 3386 noune,-

217 3410 251 3472 in
267 3411 516 3493 antepirrbemate
532 3411 675 3495 postremi
690 3411 750 3474 duo
765 3430 878 3486 versus,
896 3409 968 3473 7¹7.
988 3409 1036 3482 ts,
1053 3411 1183 3474 bisunt:

232 3503 442 3590 κάξελαύνειν
462 3509 521 3598 χρὴ
544 3509 584 3578 τὸ
606 3507 739 3592 λοιπόν,
760 3502 822 3577 nib
843 3506 930 3600 quipp
953 3533 1006 3588 τις
1029 3507 1168 3599 ζημιοῦν

235 3609 294 3678 τὸν
316 3613 453 3702 γέροντα
473 3611 522 3702 τῷ
544 3609 681 3700 γέροντι,
704 3611 761 3680 τὸν
781 3609 854 3679 νέον
875 3611 913 3678 δὲ
934 3611 983 3698 τῷ
1004 3615 1076 3700 νέῳ,

134 3735 210 3800 quos
224 3736 241 3780 a
257 3717 408 3800 unq-dum
429 3728 459 3782 et
480 3719 647 3782 idamabero
669 3737 723 3802 pro
742 3718 852 3800 spuriis
872 3717 985 3782 babitus
1006 3737 1072 3782 esse
1086 3737 1122 3782 ea
1136 3719 1170 3781 b.
1184 3717 1299 3784 dindari

134 3819 325 3884 annotatione
341 3819 480 3902 eognoti:
500 3837 569 3884 nara
591 3839 647 3884 nee
666 3819 760 3903 ipsam
776 3819 919 3902 idapdesii
932 3819 1104 3894 editionem,
1120 3839 1175 3884 nee
1189 3822 1300 3886 idama-

136 3919 200 3984 beri
217 3923 465 3998 dissertationem,
481 3941 555 4004 quae
570 3933 649 3986 estat
664 3923 694 3986 in
708 3923 916 4005 Maeuianum
931 3922 988 3985 roi.
999 3923 1036 3996 ii,
1051 3923 1195 4008 iuspimre
1206 3925 1301 4008 potui,

134 4025 328 4105 quamobrem
344 4025 452 4108 quibus
466 4025 507 4089 ibi
522 4025 702 4108 argumentis
717 4027 773 4090 bos
787 4043 890 4090 sersus
904 4026 1107 4089 damnaverint
1121 4027 1233 4090 neseio.
1254 4031 1301 4090 bn

134 4125 212 4188 iorte
231 4136 354 4208 pmpter
373 4125 551 4190 sententiani
570 4145 674 4190 eorum
696 4128 795 4210 praetio
817 4125 1044 4192 obscuriorem?
1068 4149 1158 4212 quam
1179 4129 1301 4212 quidem

134 4229 223 4291 etiarn
253 4236 403 4292 nostrates
429 4229 505 4292 duos
531 4229 708 4312 interpretes
735 4230 956 4294 recentissimos
982 4249 1043 4294 non
1063 4243 1216 4296 assecutos
1234 4253 1302 4297 esse

134 4329 230 4394 rideo.
273 4329 363 4413 Atqui
377 4330 481 4395 deletis
496 4331 532 4394 iia
547 4331 678 4396 mutilari
692 4331 912 4414 antepirrbema
927 4343 1065 4415 apparet,
1085 4333 1116 4398 in
1131 4353 1192 4420 qno
1207 4353 1303 4418 qnnrn

135 4441 278 4594 eoqqtana
289 4442 443 4517 poetarum
452 4435 499 4499 lea
507 4433 637 4500 eundem
645 4453 737 4519 quern
746 4433 983 4520 inepirrbenrate
992 4455 1133 4503 rersuurn
1141 4455 1303 4504 numerum

219 4573 227 4592 .
1060 4539 1100 4601 tn
