3266 4958
646 433 800 532 *ιι*

140 645 218 702 eus,
233 645 294 710 quo
307 623 430 690 nomine
444 623 624 707 significatur
638 641 656 688 a
671 622 795 686 Platone
811 623 854 686 rir
867 631 946 688 reete
960 622 1104 707 mendae
1119 620 1229 688 civitati
1243 619 1311 686 ido·

141 749 226 807 neus,
240 729 292 814 qui
307 729 386 794 idem
396 729 486 794 etiam
501 745 564 792 rex
586 725 759 810 appellatur.
789 727 885 808 Atque
899 726 982 792 initio
1000 727 1121 810 quidem
1135 725 1212 808 regis
1226 725 1310 788 notio

141 835 183 900 ita
197 835 352 910 detinitnr,
375 842 411 898 ut
430 831 557 915 pastoris
576 831 669 894 instar
688 831 727 895 sit
747 848 866 914 gregem
886 830 1051 896 humanum
1069 830 1220 894 custodiae
1239 847 1311 893 suae
1359 815 1369 826 ⁸

142 939 317 1003 mandatum
337 936 448 1002 tuentis
466 943 497 999 et
515 933 730 1000 rememoratis:
749 933 922 1017 repudiatur
942 941 1041 997 tamen
1056 952 1126 998 mox
1144 933 1218 998 haee
1236 931 1310 996 deb·

141 1041 215 1106 nitio
227 1043 288 1123 ¹⁵),
302 1046 337 1104 ut
351 1057 427 1122 quae
442 1037 473 1100 iu
487 1037 596 1101 horum
612 1037 664 1120 qui
678 1053 759 1100 nune
775 1045 846 1100 sunt
859 1036 1015 1102 hominum
1030 1037 1231 1102 conditionem
1247 1053 1310 1099 non
1414 1045 1437 1094 .·

145 1145 240 1219 eadat,
255 1142 308 1208 sed
323 1140 545 1205 convenientior
558 1140 597 1203 sit
611 1140 723 1222 priscae
737 1139 779 1204 iili
793 1141 895 1214 aetati,
915 1159 1004 1223 quam
1019 1150 1123 1225 poetae
1141 1141 1233 1204 iuisse
1252 1141 1311 1202 tin·

142 1255 223 1330 gant,
239 1265 332 1329 quum
355 1245 427 1308 deos
446 1244 523 1308 inter
542 1245 680 1309 homines
701 1255 853 1310 versantes
871 1265 1037 1330 eorumque
1054 1263 1157 1310 euram
1173 1253 1311 1325 gerentes

141 1351 299 1434 omnisque
313 1347 389 1413 sitae
403 1347 506 1412 usibus
524 1349 739 1434 prospieientes
759 1349 971 1428 inducant¹⁶).
1003 1351 1076 1414 Nam
1096 1349 1223 1412 deorum
1243 1345 1311 1429 qui·

143 1455 370 1519 demoraturum
391 1461 474 1516 tanto
495 1472 559 1518 esse
578 1453 748 1518 bominibus
770 1455 1031 1538 praestantiorem,
1053 1459 1164 1536 quanto
1183 1449 1311 1536 pastoris

142 1568 279 1624 naturam
297 1557 433 1642 gregibus
452 1557 489 1621 ab
508 1577 544 1622 eo
565 1559 736 1636 eustoditis3
762 1559 918 1624 bominum
937 1568 1053 1633 autem,
1076 1558 1127 1642 qui
1141 1575 1222 1621 nune
1241 1555 1310 1630 sint,

143 1664 277 1747 quamvis
291 1663 370 1728 inter
382 1681 415 1728 se
430 1661 628 1738 dissimilium,
643 1681 705 1736 nou
719 1671 819 1728 tamen
830 1672 944 1729 tantam
955 1685 1020 1728 esse
1031 1660 1310 1735 dissimilitudinem,

143 1777 178 1832 ut
192 1767 286 1852 possit
295 1785 374 1831 untrs
385 1785 474 1850 supra
485 1775 600 1832 eeteros
610 1777 761 1850 tamquam
774 1769 848 1833 deus
858 1787 948 1852 supra
960 1769 1099 1832 mortales
1109 1766 1241 1831 eminere
1251 1769 1262 1806 ¹
1271 1765 1311 1842 τ).

142 1870 244 1955 Neque
260 1879 360 1934 tamen
380 1879 537 1954 propterea
556 1881 609 1934 aut
626 1871 697 1934 iliud
714 1871 838 1936 civitatis
863 1891 956 1954 genus
975 1871 1177 1954 probandum,
1199 1869 1230 1932 in
1251 1885 1312 1950 quo

143 1973 341 2039 multitudinis
355 1973 491 2040 uoluntas
506 1975 608 2050 valeat,
624 1975 733 2058 quippe
754 1976 785 2040 in
805 1995 864 2058 qua
883 1977 982 2060 piures
1001 1992 1120 2056 semper
1141 1971 1313 2054 insipientes

145 2077 216 2153 sint,
232 2095 328 2161 neque
343 2097 420 2153 eam,
435 2079 465 2142 in
480 2097 538 2162 qua
553 2095 645 2162 penes
660 2095 770 2161 paucos
784 2079 824 2143 sit
838 2079 1011 2162 imperium,
1032 2097 1108 2161 quos
1123 2076 1211 2140 nimis
1226 2093 1314 2158 saepe

145 2189 271 2264 propter
289 2181 458 2264 superbiam
478 2189 509 2246 et
528 2181 716 2246 insolentiam
735 2181 893 2246 abalienari
914 2201 931 2246 a
951 2182 1060 2266 populo
1079 2180 1202 2262 suisque
1221 2177 1313 2261 magis

145 2285 311 2348 commodis
326 2303 415 2369 quam
430 2284 510 2350 bono
525 2284 643 2368 publico
658 2284 797 2349 inservire
811 2285 925 2350 videas:
941 2285 994 2349 sed
1010 2303 1100 2349 unam
1111 2283 1255 2366 optimam
1269 2281 1313 2345 ei·

144 2386 242 2450 vitatis
257 2387 498 2452 eonstitutionem
514 2407 581 2453 eam
595 2407 676 2466 esse,
695 2389 724 2452 in
739 2407 796 2470 qua
813 2407 891 2453 unus
907 2388 1015 2472 praesit
1035 2388 1085 2451 tati
1106 2386 1206 2450 animo
1226 2403 1313 2469 prae·

144 2489 233 2564 ditus,
246 2497 280 2554 ut
295 2491 368 2554 nihil
382 2497 524 2574 sequatur
538 2499 570 2554 et
584 2491 682 2574 cupiat
693 2500 809 2575 praeter
823 2491 931 2555 sirium
944 2496 1081 2566 satutem,
1095 2499 1126 2554 et
1136 2509 1170 2554 ea
1181 2489 1313 2572 pruden-

145 2592 186 2655 tia
199 2593 374 2668 instructus,
391 2601 424 2657 ut
439 2593 509 2676 quid
524 2594 641 2658 salubre
653 2594 772 2678 populo,
788 2595 859 2676 quid
874 2604 977 2659 eontra
992 2595 1041 2669 sit,
1057 2603 1135 2658 reete
1146 2593 1313 2676 perspioere

143 2703 174 2758 et
189 2713 249 2776 quo
263 2695 293 2758 id
309 2695 399 2758 modo
419 2694 587 2777 quibusque
607 2695 748 2762 subsidiis
766 2697 953 2762 eideiendum
975 2698 1015 2761 sit
1035 2696 1187 2780 prot-idere
1208 2693 1313 2777 possit.

142 2797 253 2870 Quodsi
279 2796 346 2861 talis
371 2796 544 2860 moderator
569 2797 612 2860 rei
637 2797 771 2880 publicae
795 2799 966 2882 eontigerit,
999 2801 1087 2863 etiam
1113 2799 1225 2881 legibus
1250 2799 1314 2862 iura

149 2897 276 2962 describi
290 2896 369 2964 haud
384 2918 459 2981 opus
473 2919 548 2974 esse,
564 2917 657 2983 quum
672 2903 846 2984 praesertim
857 2903 920 2967 deri
931 2911 1068 2985 nequeat,
1082 2908 1116 2965 ut
1127 2903 1205 2983 leges
1214 2901 1315 2964 ieran-

149 3007 199 3063 tur
213 3001 364 3081 quibusvis
378 3009 430 3066 aut
444 3001 614 3066 hominibus
629 3011 680 3066 aut
694 3003 878 3086 temporibus
891 3015 987 3087 aptae,
1001 3016 1032 3068 et
1046 3005 1076 3068 in
1098 3022 1204 3086 magna
1218 3003 1314 3067 sarie·

148 3109 208 3165 tate
221 3119 322 3166 rerum
341 3111 431 3185 atque
451 3103 655 3168 conditionum
676 3122 737 3169 non
756 3123 824 3170 raro
844 3107 975 3170 recidero
995 3107 1103 3189 possit,
1121 3116 1169 3182 ut,
1189 3105 1270 3189 quod
1284 3106 1316 3169 in

147 3203 402 3286 universumieges
410 3204 571 3278 senserint,
587 3205 613 3268 si
628 3205 659 3269 in
668 3206 791 3288 singuiis
797 3208 879 3272 nulio
892 3208 1061 3274 discrimine
1072 3207 1254 3282 adhibeatur,
1268 3209 1316 3272 in·

148 3304 260 3368 iustum
271 3305 371 3388 potius
386 3323 477 3388 quam
491 3307 603 3370 iustum
619 3307 732 3372 oenseri
745 3307 860 3384 debeat,
875 3319 916 3389 et,
931 3311 1012 3394 quod
1032 3311 1063 3374 in
1082 3311 1239 3394 proverbio
1260 3319 1317 3384 est,

147 3425 300 3470 summum
323 3407 370 3470 ius
388 3407 562 3490 saepissime
581 3426 700 3472 summa
722 3410 828 3474 iniuria
849 3412 909 3476 tiat.
938 3413 1003 3478 iioe
1023 3397 1112 3496 igitu'r
1126 3413 1239 3478 malum
1254 3429 1316 3477 non

147 3509 308 3572 verendum
322 3499 399 3584 esse,
414 3510 518 3574 sideri
531 3511 636 3592 possit,
652 3519 687 3574 ut
699 3513 736 3576 de
755 3513 879 3595 singuiis
899 3515 1045 3580 iudicandi
1065 3527 1096 3579 et
1116 3515 1188 3600 quid
1208 3517 1317 3599 eurique

146 3611 300 3675 eonveniat
313 3630 349 3676 ae
361 3611 504 3677 debeatur
518 3611 695 3678 deremendi
709 3633 800 3697 penes
814 3616 911 3680 virum
926 3637 994 3682 vere
1008 3619 1121 3682 iustum
1142 3638 1178 3682 ae
1197 3619 1317 3701 sapien·
1436 3675 1444 3686 .

145 3721 207 3778 tem
222 3719 354 3796 potestas
368 3713 426 3778 sit¹
437 3715 478 3792 ο).
515 3714 654 3780 Cotem
668 3717 897 3800 haudquaquam
912 3719 1056 3784 diffitetur
1069 3720 1154 3785 Plato
1169 3721 1259 3784 talem
1272 3721 1317 3786 rei

148 3846 348 3861 *-

215 3936 258 4001 id)
275 3929 403 3997 Πόςοῦν
413 3933 483 4008 ἡμῖν
493 3933 510 3990 ὁ
522 3931 607 4008 io'yor
618 3931 709 4010 ὀρθός
719 3941 851 4010 gessisse
863 3940 911 3992 ssi
922 3934 1055 4010 adalpero:
1066 3937 1082 3995 ὁ
1095 3943 1161 4014 sept
1175 3943 1225 3998 sad
1236 3949 1318 4012 dser-

145 4022 222 4089 iter,
233 4017 302 4078 dass
314 4016 404 4078 au'sds
414 4023 505 4094 repta
517 4021 564 4074 ssi
576 4019 686 4096 τροφὸν
696 4019 798 4094 siyddqr
808 4020 995 4098 ἀνθρωπίνης
1005 4028 1106 4099 θῦμον
1121 4025 1217 4100 μόνον
1227 4027 1319 4101 tupr-

147 4125 246 4170 romr
256 4113 370 4182 popm
380 4104 472 4164 sibim
483 4103 755 4181 &pessumarum
768 4111 827 4178 Peg.
840 4113 923 4166 besu.

213 4193 257 4260 re>
269 4191 297 4246 P.
309 4192 358 4246 271
370 4191 414 4247 iis
424 4187 494 4256 debs
504 4187 603 4264 isuper
613 4191 716 4256 αὐτοὺς
727 4191 811 4256 adsis
822 4193 991 4265 daemonis,
1002 4195 1136 4270 sstsisep
1144 4200 1197 4256 νῦν
1204 4197 1318 4276 hspe-

143 4293 206 4344 uos,
218 4275 291 4340 isias
302 4276 338 4334 da
348 4275 445 4350 ἕτερον
462 4273 619 4352 θειότερον,
635 4273 708 4334 dtas
723 4281 791 4350 γένη
807 4277 970 4354 qsudo'seps
985 4281 1080 4340 edens
1094 4283 1252 4358 νομνῦονσι
1272 4285 1313 4345 Gt

143 4362 237 4431 (ipsse.
249 4363 321 4416 asad.
333 4361 355 4416 ii
366 4377 390 4431 p.
402 4362 464 4418 27³.

212 4447 449 4516 squamma
650 4487 652 4494 .
707 4452 1143 4526 reparasssqqmstmat.
