3266 4958
772 489 923 592 *m-

262 681 324 744 rim
337 688 369 744 et
381 679 519 746 iniuriam
534 681 590 746 sibi
604 687 707 763 erepta
721 699 786 745 esse
801 681 944 764 queritur,
959 681 1118 765 lovemque
1133 681 1291 765 implorat,
1311 690 1346 748 nt
1364 689 1432 748 tan·

262 783 332 847 (iem
351 783 507 868 aliquando
526 803 632 850 eomm
653 783 891 850 ulciscendorum
910 785 1303 852 facultatem-nanciscatur.
1347 785 1433 852 Nune

262 886 354 964 enim,
368 885 465 972 inquit
479 907 507 952 τ.
519 887 593 964 345,

563 991 653 1068 τίσις
674 983 715 1055 οὔ
736 990 892 1078 φαίνεται
912 984 992 1076 ἡμῖν

465 1083 604 1180 ἀνδρῶν,
627 1085 666 1159 οἳ
684 1085 776 1177 τιίμᾶ
796 1086 932 1182 χρήματ’
955 1087 1069 1174 ἔχουσι
1089 1095 1146 1182 βίη

565 1189 764 1282 συλήσαντες
777 1231 830 1259 -.
1439 1259 1442 1268 .

261 1304 294 1360 et
315 1317 342 1360 ν.
363 1297 425 1362 835
446 1299 562 1362 incusat
581 1289 709 1383 ἀνδρῶν
734 1319 771 1362 τε
798 1291 875 1382 βίην
900 1293 956 1362 καὶ
982 1293 1100 1380 κέρδεα
1127 1295 1224 1362 δειλοὶ
1246 1296 1303 1364 καί
1325 1291 1433 1381 ίίβριν,

261 1419 339 1482 quaa
353 1419 386 1462 se
401 1396 533 1462 πολλῶν
553 1393 591 1477 ἐξ
611 1391 752 1482 ἀγαθῶν
773 1391 808 1475 ἐς
827 1390 978 1484 κακότητ’
1001 1395 1130 1482 ἔβαλον.
1176 1402 1240 1465 tllio
1255 1401 1321 1466 looo
1336 1401 1373 1464 ab
1387 1401 1432 1476 iis,

259 1501 370 1585 quibua
384 1502 473 1566 tidem
488 1502 633 1577 habuerit,
649 1523 682 1566 se
696 1503 853 1585 deceptum
869 1502 1014 1584 bonisque
1029 1511 1152 1566 exutum
1167 1504 1217 1579 ait,
1234 1523 1260 1566 ν.
1277 1503 1356 1568 831ι

427 1599 544 1668 πίστει
564 1595 702 1690 χρήματ’
724 1595 857 1680 ίίλεσσα,
880 1595 1024 1689 ἀπιστίῃ
1048 1596 1079 1668 δ’
1099 1597 1245 1670 ἐσάωσα.

259 1707 292 1770 n.
307 1725 335 1770 e.
350 1707 422 1770 dum
436 1707 604 1770 illidebam
620 1707 694 1780 aliia.
709 1707 788 1772 bona
803 1727 869 1772 mea
884 1706 1105 1780 conservabam,
1120 1726 1214 1790 quum
1230 1706 1319 1770 tidem
1339 1707 1432 1770 nabe-

256 1827 334 1884 rem,
349 1808 472 1894 madidi.
501 1809 539 1873 Et
549 1828 634 1892 τςεοε
649 1811 771 1894 quidem
786 1831 819 1873 se
834 1809 955 1874 absente
970 1810 1007 1873 ab
1021 1811 1086 1875 aliis
1101 1819 1261 1894 oompatos
1276 1829 1342 1874 esse
1358 1827 1433 1892 que-

257 1913 345 1986 ritur.
364 1931 457 1995 quum
478 1913 693 1995 navigationem
715 1913 865 1996 quandam
887 1913 1083 1996 suscepisset,
1104 1933 1132 1977 r.
1151 1914 1242 1986 1200,
1257 1913 1433 1996 longinquae

258 2023 361 2079 autom
382 2015 634 2099 peregrinationis,
665 2017 695 2079 in
719 2035 777 2098 qua
802 2017 965 2090 Euboeam,
992 2017 1141 2099 Spartam,
1168 2017 1297 2081 Siciliam
1317 2017 1433 2094 adierit,

259 2137 324 2183 non
344 2119 436 2182 modo
455 2120 549 2202 ipsius
569 2120 773 2184 testimonium
794 2119 939 2183 habemus
959 2139 986 2182 r.
1003 2119 1076 2193 78³,
1095 2119 1251 2182 sedetiam
1268 2120 1433 2183 hoodoou·

259 2231 365 2286 mento
378 2241 445 2286 esse
460 2230 568 2304 potest,
583 2223 664 2304 quod
679 2221 770 2286 Siculi
786 2221 972 2303 Megarenses
987 2241 1055 2285 eum
1071 2221 1163 2285 nivem
1178 2241 1267 2285 suum
1282 2221 1433 2286 lecerunt:

259 2324 307 2388 sie
326 2325 405 2388 enim
426 2323 556 2388 Platonis
576 2326 692 2398 locum,
712 2323 764 2388 uni
785 2321 925 2408 πολίτης
950 2319 1014 2386 τῶν
1035 2314 1069 2386 ίν
1089 2317 1226 2408 Σικελίᾳ
1248 2317 1435 2406 Μεγαρέων

258 2425 410 2508 Theognis
430 2425 551 2500 dieitur,
574 2425 777 2507 accipiendum
798 2445 864 2488 esse
890 2442 970 2488 nune
995 2423 1132 2505 quidem,
1158 2431 1228 2506 post
1252 2425 1433 2488 luculentam
1568 2463 1570 2470 ι

259 2527 407 2592 Welolteri
430 2527 677 2612 disputationem,
709 2527 782 2590 satis
807 2533 945 2590 oonstare
974 2525 1110 2588 arbitror.
1168 2525 1293 2608 Ambiqo
1322 2535 1434 2602 autom,

133 2655 135 2660 ·
259 2639 363 2695 utrum
384 2631 478 2694 iraeto
499 2651 517 2694 a
536 2630 622 2713 plebe
643 2629 830 2712 optimatium
850 2627 975 2711 imperio
996 2628 1028 2692 in
1043 2627 1164 2691 erilium
1179 2628 1381 2712 Theognidem
1396 2629 1433 2692 ab

259 2733 434 2799 adversariis
457 2735 576 2817 pulsum
597 2753 680 2809 esse,
700 2751 738 2798 nn
759 2751 813 2797 sua
834 2731 984 2796 voluntate
1003 2737 1033 2796 et
1052 2749 1197 2796 novarum
1218 2749 1321 2796 rerum
1335 2732 1433 2798 taedio

260 2839 442 2920 aliquamdiu
457 2837 675 2920 peregrinatum
691 2857 755 2901 esse
771 2836 883 2900 dinam:
904 2853 974 2898 nam
992 2834 1132 2899 disertam
1147 2835 1194 2899 sui
1210 2836 1288 2900 exilii
1303 2836 1433 2900 mentio·

260 2959 332 3004 nean
346 2958 495 3023 nusquam
509 2940 547 3003 ab
561 2961 597 3004 eo
612 2940 720 3004 iactam
735 2940 831 3003 video.
865 2937 999 3002 ltediisae
1009 2947 1110 3002 autem
1125 2939 1156 3002 in
1171 2939 1307 3020 patriam,
1322 2939 1433 3022 ibique,

138 3059 141 3068 ’
260 3051 396 3126 reparato
410 3043 562 3124 paullatim
577 3042 620 3104 rei
631 3041 782 3106 familiaris
793 3042 913 3116 alamno,
929 3049 1114 3104 senectutem
1127 3041 1199 3104 satir
1210 3041 1368 3104 commode
1380 3059 1436 3105 neo

261 3145 327 3210 niue
341 3146 487 3210 hilaritate
502 3145 679 3227 transegisse
694 3165 730 3208 ex
745 3145 858 3226 aliquot
872 3143 1022 3206 versieulis
1034 3143 1175 3206 aseniore
1185 3143 1304 3225 seriptis
1314 3143 1430 3225 colligo.

263 3245 340 3310 Nam
353 3246 485 3310 diversae
499 3265 620 3330 quoque
638 3246 742 3309 aetatis
760 3244 868 3308 indicia
888 3245 920 3308 in
937 3245 983 3309 hia
1003 3245 1135 3326 reliquiis
1150 3245 1248 3310 inesse
1261 3245 1322 3309 iam
1343 3245 1433 3329 supra

264 3346 377 3412 dietum
392 3357 447 3412 eat.
490 3347 638 3412 Florentia
652 3347 757 3411 aetatis
771 3355 843 3410 aunt
857 3365 959 3411 versus
974 3347 1048 3410 567.
1063 3346 1100 3410 8:

365 3441 462 3536 Ἥβη
483 3441 688 3532 τερπόμενος
709 3441 832 3528 παίζω·
855 3444 956 3536 δηρὸν
977 3443 1039 3530 χεὶρ
1062 3440 1196 3531 ἔνερθεν

451 3548 512 3639 γῆς
532 3543 652 3628 ίλέσος
672 3547 780 3638 ψυχὴν
799 3549 957 3632 κείσομαι
978 3541 1064 3614 ὥστε
1083 3541 1194 3629 λίθος.

263 3664 297 3721 et
310 3653 373 3721 983
387 3673 471 3740 sqq:

361 3749 482 3842 Ἡμεῖς
503 3747 534 3822 δ’
555 3749 590 3822 ἐν
611 3747 757 3842 θαλίῃσι
778 3749 879 3843 φίλον
899 3747 1137 3847 καταθοίμεθα
1157 3749 1278 3840 θυμόν,

451 3851 522 3948 ὄφρ’
545 3852 597 3926 ἔτι
617 3855 790 3946 τερπωλῆς
811 3849 875 3944 ἔρρ’
898 3853 1050 3945 ἐρατεινὰ
1072 3853 1168 3948 φέρρ.

366 3949 458 4053 eluto
478 3958 541 4048 γὰρ
562 3953 649 4028 aiore
668 3955 777 4050 νόημα
798 3955 1000 4048 παρέρχεται
1023 3955 1146 4048 ἀγλαὸς
1166 3955 1243 4052 ἥβη,

408 4058 479 4133 οιίιί
500 4063 620 4132 ίππων
641 4059 726 4152 ὁρμὴ
751 4065 896 4151 γίγνεται
917 4058 1077 4164 αίκοτίρη.

266 4167 376 4234 Conna
389 4179 592 4236 mnmoentem
606 4179 726 4254 poetun
741 4171 871 4255 produnt
884 4189 912 4235 ν.
928 4171 1001 4236 nat.
1017 4171 1055 4238 8:

367 4259 395 4336 ὅ
414 4293 475 4354 μοι
495 4267 579 4358 irtio
598 4265 685 4360 ἥβης
706 4268 763 4338 καί
783 4265 905 4358 χηραος
929 4263 1135 4358 ου’λομίνοιο,

451 4378 510 4441 τοῦ
530 4371 592 4462 μίν
611 4369 843 4464 ίπιρχομίνοο,
864 4371 924 4463 της
944 4367 976 4441 δ’
995 4367 1266 4466 ιίπονισσομίνης

267 4485 301 4541 et
313 4493 344 4538 τ.
361 4475 451 4542 llil.
465 4477 502 4542 λε
