<?xml version="1.0" encoding="UTF-8"?>
<!DOCTYPE html PUBLIC "-//W3C//DTD XHTML 1.0 Transitional//EN"
    "http://www.w3.org/TR/xhtml1/DTD/xhtml1-transitional.dtd">
<html xmlns="http://www.w3.org/1999/xhtml" xml:lang="en" lang="en">
 <head>
  <title>
</title>
<meta http-equiv="Content-Type" content="text/html;charset=utf-8" />
  <meta name='ocr-system' content='tesseract 3.04.00' />
  <meta name='ocr-capabilities' content='ocr_page ocr_carea ocr_par ocr_line ocrx_word'/>
</head>
<body>
  <div class='ocr_page' id='page_1' title='image "./opusculaacademi00schgoog_0370.png"; bbox 0 0 3182 4962; ppageno 0'>
   <div class='ocr_carea' id='block_1_1' title="bbox 798 485 946 583">
    <p class='ocr_par' dir='ltr' id='par_1_1' title="bbox 798 485 946 583">
     <span class='ocr_line' id='line_1_1' title="bbox 798 485 946 583; baseline 0.014 -1"><span class='ocrx_word' id='word_1_1' title='bbox 798 485 946 583; x_wconf 69' lang='grc'><strong>...3.51.</strong></span> 
     </span>
    </p>
   </div>
   <div class='ocr_carea' id='block_1_2' title="bbox 377 671 1581 748">
    <p class='ocr_par' dir='ltr' id='par_1_2' title="bbox 377 671 1581 748">
     <span class='ocr_line' id='line_1_2' title="bbox 377 671 1581 748; baseline -0.007 -6"><span class='ocrx_word' id='word_1_2' title='bbox 377 678 449 742; x_wconf 83' lang='lat' dir='ltr'><strong>Post</strong></span> <span class='ocrx_word' id='word_1_3' title='bbox 472 676 718 740; x_wconf 86' lang='lat' dir='ltr'><strong>&#39;lennemenuum</strong></span> <span class='ocrx_word' id='word_1_4' title='bbox 745 672 999 738; x_wconf 77' lang='lat' dir='ltr'><strong>commemorandi</strong></span> <span class='ocrx_word' id='word_1_5' title='bbox 1025 679 1096 737; x_wconf 91' lang='lat' dir='ltr'><strong>eunt</strong></span> <span class='ocrx_word' id='word_1_6' title='bbox 1120 671 1325 748; x_wconf 78' lang='lat' dir='ltr'><strong>llelndomus,</strong></span> <span class='ocrx_word' id='word_1_7' title='bbox 1357 671 1456 737; x_wconf 90' lang='lat' dir='ltr'><strong>Stein-</strong></span> <span class='ocrx_word' id='word_1_8' title='bbox 1578 719 1581 724; x_wconf 24' lang='lat' dir='ltr'><strong>s</strong></span> 
     </span>
    </p>
   </div>
   <div class='ocr_carea' id='block_1_3' title="bbox 261 775 1554 3549">
    <p class='ocr_par' dir='ltr' id='par_1_3' title="bbox 261 775 1554 3549">
     <span class='ocr_line' id='line_1_3' title="bbox 292 775 1456 862; baseline -0.005 -18"><span class='ocrx_word' id='word_1_9' title='bbox 292 781 404 856; x_wconf 86' lang='lat' dir='ltr'><strong>bertus,</strong></span> <span class='ocrx_word' id='word_1_10' title='bbox 425 780 569 862; x_wconf 84' lang='lat' dir='ltr'><strong>llegelius.</strong></span> <span class='ocrx_word' id='word_1_11' title='bbox 600 779 637 842; x_wconf 80' lang='lat' dir='ltr'><strong>lit</strong></span> <span class='ocrx_word' id='word_1_12' title='bbox 657 777 844 842; x_wconf 88' lang='lat' dir='ltr'><strong>lleindorliue</strong></span> <span class='ocrx_word' id='word_1_13' title='bbox 865 777 995 860; x_wconf 88' lang='lat' dir='ltr'><strong>quidem,</strong></span> <span class='ocrx_word' id='word_1_14' title='bbox 1018 777 1127 847; x_wconf 69' lang='lat' dir='ltr'><strong>audie.</strong></span> <span class='ocrx_word' id='word_1_15' title='bbox 1151 777 1179 840; x_wconf 87' lang='lat' dir='ltr'><strong>d.</strong></span> <span class='ocrx_word' id='word_1_16' title='bbox 1195 794 1225 840; x_wconf 88' lang='lat' dir='ltr'><strong>n.</strong></span> <span class='ocrx_word' id='word_1_17' title='bbox 1242 777 1271 840; x_wconf 92' lang='lat' dir='ltr'><strong>d.</strong></span> <span class='ocrx_word' id='word_1_18' title='bbox 1293 775 1314 851; x_wconf 87' lang='lat' dir='ltr'><strong>l,</strong></span> <span class='ocrx_word' id='word_1_19' title='bbox 1339 775 1388 848; x_wconf 82' lang='lat'><strong>19,</strong></span> <span class='ocrx_word' id='word_1_20' title='bbox 1404 776 1456 849; x_wconf 81' lang='lat'><strong>50,</strong></span> 
     </span>
     <span class='ocr_line' id='line_1_4' title="bbox 291 879 1459 965; baseline -0.003 -17"><span class='ocrx_word' id='word_1_21' title='bbox 291 884 328 949; x_wconf 88' lang='lat' dir='ltr'><strong>de</strong></span> <span class='ocrx_word' id='word_1_22' title='bbox 345 883 461 948; x_wconf 91' lang='lat' dir='ltr'><strong>duobus</strong></span> <span class='ocrx_word' id='word_1_23' title='bbox 480 881 636 965; x_wconf 85' lang='lat' dir='ltr'><strong>generibus</strong></span> <span class='ocrx_word' id='word_1_24' title='bbox 655 881 791 956; x_wconf 85' lang='lat' dir='ltr'><strong>deorum,</strong></span> <span class='ocrx_word' id='word_1_25' title='bbox 813 899 888 963; x_wconf 76' lang='lat' dir='ltr'><strong>quine</strong></span> <span class='ocrx_word' id='word_1_26' title='bbox 908 881 944 942; x_wconf 92' lang='lat' dir='ltr'><strong>eb</strong></span> <span class='ocrx_word' id='word_1_27' title='bbox 962 879 1088 962; x_wconf 84' lang='lat' dir='ltr'><strong>Epicuro</strong></span> <span class='ocrx_word' id='word_1_28' title='bbox 1111 879 1248 942; x_wconf 86' lang='lat' dir='ltr'><strong>distincte</strong></span> <span class='ocrx_word' id='word_1_29' title='bbox 1264 899 1328 942; x_wconf 85' lang='lat' dir='ltr'><strong>esse</strong></span> <span class='ocrx_word' id='word_1_30' title='bbox 1344 899 1379 942; x_wconf 87' lang='lat' dir='ltr'><strong>ex</strong></span> <span class='ocrx_word' id='word_1_31' title='bbox 1394 879 1459 944; x_wconf 83' lang='lat' dir='ltr'><strong>eius</strong></span> 
     </span>
     <span class='ocr_line' id='line_1_5' title="bbox 293 982 1460 1072; baseline -0.004 -20"><span class='ocrx_word' id='word_1_32' title='bbox 293 989 391 1054; x_wconf 85' lang='lat' dir='ltr'><strong>serbis</strong></span> <span class='ocrx_word' id='word_1_33' title='bbox 410 989 487 1072; x_wconf 87' lang='lat' dir='ltr'><strong>epud</strong></span> <span class='ocrx_word' id='word_1_34' title='bbox 504 987 662 1070; x_wconf 72' lang='lat' dir='ltr'><strong>Diogenem</strong></span> <span class='ocrx_word' id='word_1_35' title='bbox 682 985 794 1068; x_wconf 83' lang='lat' dir='ltr'><strong>liquere</strong></span> <span class='ocrx_word' id='word_1_36' title='bbox 817 985 875 1060; x_wconf 87' lang='lat' dir='ltr'><strong>eit,</strong></span> <span class='ocrx_word' id='word_1_37' title='bbox 902 985 932 1047; x_wconf 95' lang='lat' dir='ltr'><strong>in</strong></span> <span class='ocrx_word' id='word_1_38' title='bbox 952 985 1044 1048; x_wconf 87' lang='lat' dir='ltr'><strong>ellero</strong></span> <span class='ocrx_word' id='word_1_39' title='bbox 1066 1003 1117 1048; x_wconf 88' lang='lat' dir='ltr'><strong>eos</strong></span> <span class='ocrx_word' id='word_1_40' title='bbox 1132 982 1223 1047; x_wconf 84' lang='lat' dir='ltr'><strong>luisse</strong></span> <span class='ocrx_word' id='word_1_41' title='bbox 1239 982 1372 1058; x_wconf 83' lang='lat' dir='ltr'><strong>coniicit,</strong></span> <span class='ocrx_word' id='word_1_42' title='bbox 1399 983 1460 1066; x_wconf 85' lang='lat' dir='ltr'><strong>qui,</strong></span> 
     </span>
     <span class='ocr_line' id='line_1_6' title="bbox 294 1087 1460 1178; baseline -0.005 -21"><span class='ocrx_word' id='word_1_43' title='bbox 294 1093 427 1178; x_wconf 84' lang='lat' dir='ltr'><strong>quemuis</strong></span> <span class='ocrx_word' id='word_1_44' title='bbox 442 1099 612 1156; x_wconf 80' lang='lat' dir='ltr'><strong>moeremus</strong></span> <span class='ocrx_word' id='word_1_45' title='bbox 627 1111 661 1155; x_wconf 85' lang='lat' dir='ltr'><strong>ex</strong></span> <span class='ocrx_word' id='word_1_46' title='bbox 677 1089 796 1166; x_wconf 81' lang='lat' dir='ltr'><strong>atomis,</strong></span> <span class='ocrx_word' id='word_1_47' title='bbox 812 1107 887 1173; x_wconf 83' lang='lat' dir='ltr'><strong>quse</strong></span> <span class='ocrx_word' id='word_1_48' title='bbox 903 1097 1046 1172; x_wconf 74' lang='lat' dir='ltr'><strong>perpetuo</strong></span> <span class='ocrx_word' id='word_1_49' title='bbox 1058 1097 1087 1151; x_wconf 88' lang='lat' dir='ltr'><strong>et</strong></span> <span class='ocrx_word' id='word_1_50' title='bbox 1099 1088 1213 1152; x_wconf 78' lang='lat' dir='ltr'><strong>coirent</strong></span> <span class='ocrx_word' id='word_1_51' title='bbox 1224 1097 1253 1151; x_wconf 91' lang='lat' dir='ltr'><strong>et</strong></span> <span class='ocrx_word' id='word_1_52' title='bbox 1264 1087 1460 1152; x_wconf 78' lang='lat' dir='ltr'><strong>dissolveren-</strong></span> 
     </span>
     <span class='ocr_line' id='line_1_7' title="bbox 294 1192 1461 1280; baseline -0.006 -18"><span class='ocrx_word' id='word_1_53' title='bbox 294 1207 352 1272; x_wconf 84' lang='lat' dir='ltr'><strong>tur,</strong></span> <span class='ocrx_word' id='word_1_54' title='bbox 367 1197 496 1262; x_wconf 87' lang='lat' dir='ltr'><strong>eundem</strong></span> <span class='ocrx_word' id='word_1_55' title='bbox 509 1201 608 1260; x_wconf 88' lang='lat' dir='ltr'><strong>temen</strong></span> <span class='ocrx_word' id='word_1_56' title='bbox 621 1213 740 1280; x_wconf 78' lang='lat' dir='ltr'><strong>sempor</strong></span> <span class='ocrx_word' id='word_1_57' title='bbox 751 1195 913 1258; x_wconf 71' lang='lat' dir='ltr'><strong>retinerent</strong></span> <span class='ocrx_word' id='word_1_58' title='bbox 923 1203 1092 1257; x_wconf 82' lang='lat' dir='ltr'><strong>atomorum</strong></span> <span class='ocrx_word' id='word_1_59' title='bbox 1105 1211 1276 1269; x_wconf 85' lang='lat' dir='ltr'><strong>numerum,</strong></span> <span class='ocrx_word' id='word_1_60' title='bbox 1292 1192 1364 1256; x_wconf 92' lang='lat' dir='ltr'><strong>dum</strong></span> <span class='ocrx_word' id='word_1_61' title='bbox 1376 1192 1461 1276; x_wconf 85' lang='lat' dir='ltr'><strong>quic·</strong></span> 
     </span>
     <span class='ocr_line' id='line_1_8' title="bbox 294 1295 1460 1387; baseline -0.007 -21"><span class='ocrx_word' id='word_1_62' title='bbox 294 1303 364 1387; x_wconf 85' lang='lat' dir='ltr'><strong>quid</strong></span> <span class='ocrx_word' id='word_1_63' title='bbox 387 1301 569 1366; x_wconf 71' lang='lat' dir='ltr'><strong>discessisset</strong></span> <span class='ocrx_word' id='word_1_64' title='bbox 585 1301 726 1364; x_wconf 83' lang='lat' dir='ltr'><strong>continuo</strong></span> <span class='ocrx_word' id='word_1_65' title='bbox 742 1317 886 1362; x_wconf 85' lang='lat' dir='ltr'><strong>noverum</strong></span> <span class='ocrx_word' id='word_1_66' title='bbox 903 1304 1073 1362; x_wconf 90' lang='lat' dir='ltr'><strong>elomorum</strong></span> <span class='ocrx_word' id='word_1_67' title='bbox 1084 1295 1253 1362; x_wconf 74' lang='lat' dir='ltr'><strong>eccemioue</strong></span> <span class='ocrx_word' id='word_1_68' title='bbox 1264 1305 1460 1381; x_wconf 76' lang='lat' dir='ltr'><strong>repararetur,</strong></span> 
     </span>
     <span class='ocr_line' id='line_1_9' title="bbox 295 1391 1461 1490; baseline -0.003 -22"><span class='ocrx_word' id='word_1_69' title='bbox 295 1425 388 1490; x_wconf 91' lang='lat' dir='ltr'><strong>quum</strong></span> <span class='ocrx_word' id='word_1_70' title='bbox 404 1415 507 1470; x_wconf 86' lang='lat' dir='ltr'><strong>comm</strong></span> <span class='ocrx_word' id='word_1_71' title='bbox 522 1405 647 1468; x_wconf 88' lang='lat' dir='ltr'><strong>elterum</strong></span> <span class='ocrx_word' id='word_1_72' title='bbox 669 1404 794 1468; x_wconf 88' lang='lat' dir='ltr'><strong>deorum</strong></span> <span class='ocrx_word' id='word_1_73' title='bbox 816 1421 908 1484; x_wconf 87' lang='lat' dir='ltr'><strong>genus</strong></span> <span class='ocrx_word' id='word_1_74' title='bbox 924 1400 996 1464; x_wconf 89' lang='lat' dir='ltr'><strong>nibil</strong></span> <span class='ocrx_word' id='word_1_75' title='bbox 1011 1409 1092 1466; x_wconf 83' lang='lat' dir='ltr'><strong>esset</strong></span> <span class='ocrx_word' id='word_1_76' title='bbox 1106 1399 1161 1464; x_wconf 89' lang='lat' dir='ltr'><strong>nisi</strong></span> <span class='ocrx_word' id='word_1_77' title='bbox 1178 1391 1302 1465; x_wconf 78' lang='lat' dir='ltr'><strong>ciderio</strong></span> <span class='ocrx_word' id='word_1_78' title='bbox 1316 1401 1461 1484; x_wconf 87' lang='lat' dir='ltr'><strong>qusedem</strong></span> 
     </span>
     <span class='ocr_line' id='line_1_10' title="bbox 295 1503 1462 1593; baseline -0.004 -18"><span class='ocrx_word' id='word_1_79' title='bbox 295 1529 348 1576; x_wconf 88' lang='lat' dir='ltr'><strong>seu</strong></span> <span class='ocrx_word' id='word_1_80' title='bbox 364 1509 505 1593; x_wconf 77' lang='lat' dir='ltr'><strong>imagines</strong></span> <span class='ocrx_word' id='word_1_81' title='bbox 520 1527 556 1572; x_wconf 84' lang='lat' dir='ltr'><strong>es</strong></span> <span class='ocrx_word' id='word_1_82' title='bbox 571 1507 615 1572; x_wconf 93' lang='lat' dir='ltr'><strong>dis</strong></span> <span class='ocrx_word' id='word_1_83' title='bbox 631 1507 686 1572; x_wconf 91' lang='lat' dir='ltr'><strong>illie</strong></span> <span class='ocrx_word' id='word_1_84' title='bbox 701 1507 865 1580; x_wconf 75' lang='lat' dir='ltr'><strong>diluentes,</strong></span> <span class='ocrx_word' id='word_1_85' title='bbox 888 1523 964 1588; x_wconf 87' lang='lat' dir='ltr'><strong>quee</strong></span> <span class='ocrx_word' id='word_1_86' title='bbox 985 1503 1043 1569; x_wconf 82' lang='lat' dir='ltr'><strong>cito</strong></span> <span class='ocrx_word' id='word_1_87' title='bbox 1058 1505 1191 1588; x_wconf 87' lang='lat' dir='ltr'><strong>perirent</strong></span> <span class='ocrx_word' id='word_1_88' title='bbox 1205 1523 1337 1588; x_wconf 88' lang='lat' dir='ltr'><strong>prorsus,</strong></span> <span class='ocrx_word' id='word_1_89' title='bbox 1358 1506 1401 1570; x_wconf 90' lang='lat' dir='ltr'><strong>sic</strong></span> <span class='ocrx_word' id='word_1_90' title='bbox 1416 1515 1462 1570; x_wconf 86' lang='lat' dir='ltr'><strong>tr·</strong></span> 
     </span>
     <span class='ocr_line' id='line_1_11' title="bbox 297 1609 1461 1688; baseline -0.003 -11"><span class='ocrx_word' id='word_1_91' title='bbox 297 1632 375 1688; x_wconf 88' lang='lat' dir='ltr'><strong>meu,</strong></span> <span class='ocrx_word' id='word_1_92' title='bbox 397 1623 430 1676; x_wconf 88' lang='lat' dir='ltr'><strong>ut</strong></span> <span class='ocrx_word' id='word_1_93' title='bbox 453 1631 545 1676; x_wconf 83' lang='lat' dir='ltr'><strong>nosse</strong></span> <span class='ocrx_word' id='word_1_94' title='bbox 565 1611 632 1676; x_wconf 93' lang='lat' dir='ltr'><strong>iude</strong></span> <span class='ocrx_word' id='word_1_95' title='bbox 653 1611 717 1675; x_wconf 87' lang='lat' dir='ltr'><strong>sinc</strong></span> <span class='ocrx_word' id='word_1_96' title='bbox 735 1611 952 1676; x_wconf 83' lang='lat' dir='ltr'><strong>intermissione</strong></span> <span class='ocrx_word' id='word_1_97' title='bbox 974 1609 1010 1674; x_wconf 85' lang='lat' dir='ltr'><strong>ud</strong></span> <span class='ocrx_word' id='word_1_98' title='bbox 1027 1627 1082 1674; x_wconf 90' lang='lat' dir='ltr'><strong>noe</strong></span> <span class='ocrx_word' id='word_1_99' title='bbox 1102 1610 1258 1676; x_wconf 90' lang='lat' dir='ltr'><strong>eilluerent</strong></span> <span class='ocrx_word' id='word_1_100' title='bbox 1273 1629 1341 1676; x_wconf 89' lang='lat' dir='ltr'><strong>oum</strong></span> <span class='ocrx_word' id='word_1_101' title='bbox 1357 1628 1461 1675; x_wconf 92' lang='lat' dir='ltr'><strong>eorum</strong></span> 
     </span>
     <span class='ocr_line' id='line_1_12' title="bbox 296 1714 1461 1799; baseline -0.005 -16"><span class='ocrx_word' id='word_1_102' title='bbox 296 1719 374 1783; x_wconf 91' lang='lat' dir='ltr'><strong>unde</strong></span> <span class='ocrx_word' id='word_1_103' title='bbox 400 1715 584 1781; x_wconf 81' lang='lat' dir='ltr'><strong>effluxissent</strong></span> <span class='ocrx_word' id='word_1_104' title='bbox 609 1715 810 1780; x_wconf 87' lang='lat' dir='ltr'><strong>similitudine.</strong></span> <span class='ocrx_word' id='word_1_105' title='bbox 858 1714 1007 1779; x_wconf 85' lang='lat' dir='ltr'><strong>liobemus</strong></span> <span class='ocrx_word' id='word_1_106' title='bbox 1033 1733 1103 1799; x_wconf 94' lang='lat' dir='ltr'><strong>ergo</strong></span> <span class='ocrx_word' id='word_1_107' title='bbox 1129 1715 1177 1780; x_wconf 91' lang='lat' dir='ltr'><strong>bic</strong></span> <span class='ocrx_word' id='word_1_108' title='bbox 1202 1733 1321 1798; x_wconf 84' lang='lat' dir='ltr'><strong>quoque</strong></span> <span class='ocrx_word' id='word_1_109' title='bbox 1342 1715 1461 1779; x_wconf 90' lang='lat' dir='ltr'><strong>eosdem</strong></span> 
     </span>
     <span class='ocr_line' id='line_1_13' title="bbox 297 1817 1463 1902; baseline -0.003 -17"><span class='ocrx_word' id='word_1_110' title='bbox 297 1821 361 1886; x_wconf 91' lang='lat' dir='ltr'><strong>illos</strong></span> <span class='ocrx_word' id='word_1_111' title='bbox 386 1820 665 1885; x_wconf 85' lang='lat' dir='ltr'><strong>&#39;lennemennienos</strong></span> <span class='ocrx_word' id='word_1_112' title='bbox 691 1821 763 1884; x_wconf 88' lang='lat' dir='ltr'><strong>deos</strong></span> <span class='ocrx_word' id='word_1_113' title='bbox 789 1819 959 1902; x_wconf 79' lang='lat' dir='ltr'><strong>imagiucos,</strong></span> <span class='ocrx_word' id='word_1_114' title='bbox 986 1819 1087 1901; x_wconf 85' lang='lat' dir='ltr'><strong>quales</strong></span> <span class='ocrx_word' id='word_1_115' title='bbox 1114 1837 1167 1882; x_wconf 90' lang='lat' dir='ltr'><strong>cur</strong></span> <span class='ocrx_word' id='word_1_116' title='bbox 1193 1819 1222 1882; x_wconf 95' lang='lat' dir='ltr'><strong>iu</strong></span> <span class='ocrx_word' id='word_1_117' title='bbox 1239 1820 1284 1884; x_wconf 88' lang='lat' dir='ltr'><strong>die</strong></span> <span class='ocrx_word' id='word_1_118' title='bbox 1299 1817 1411 1884; x_wconf 87' lang='lat' dir='ltr'><strong>censeri</strong></span> <span class='ocrx_word' id='word_1_119' title='bbox 1426 1817 1463 1882; x_wconf 84' lang='lat' dir='ltr'><strong>ab</strong></span> 
     </span>
     <span class='ocr_line' id='line_1_14' title="bbox 298 1921 1463 2008; baseline -0.003 -20"><span class='ocrx_word' id='word_1_120' title='bbox 298 1925 423 2006; x_wconf 84' lang='lat' dir='ltr'><strong>Epicuro</strong></span> <span class='ocrx_word' id='word_1_121' title='bbox 439 1943 498 1988; x_wconf 95' lang='lat' dir='ltr'><strong>non</strong></span> <span class='ocrx_word' id='word_1_122' title='bbox 514 1924 666 2008; x_wconf 88' lang='lat' dir='ltr'><strong>potuerint</strong></span> <span class='ocrx_word' id='word_1_123' title='bbox 681 1944 717 1987; x_wconf 87' lang='lat' dir='ltr'><strong>es</strong></span> <span class='ocrx_word' id='word_1_124' title='bbox 732 1925 776 2000; x_wconf 83' lang='lat' dir='ltr'><strong>iis,</strong></span> <span class='ocrx_word' id='word_1_125' title='bbox 792 1943 868 2006; x_wconf 83' lang='lat' dir='ltr'><strong>quse</strong></span> <span class='ocrx_word' id='word_1_126' title='bbox 883 1923 973 1986; x_wconf 92' lang='lat' dir='ltr'><strong>modo</strong></span> <span class='ocrx_word' id='word_1_127' title='bbox 988 1943 1004 1986; x_wconf 91' lang='lat' dir='ltr'><strong>e</strong></span> <span class='ocrx_word' id='word_1_128' title='bbox 1021 1941 1069 1986; x_wconf 93' lang='lat' dir='ltr'><strong>me</strong></span> <span class='ocrx_word' id='word_1_129' title='bbox 1084 1921 1255 1996; x_wconf 77' lang='lat' dir='ltr'><strong>dictasunt,</strong></span> <span class='ocrx_word' id='word_1_130' title='bbox 1271 1921 1463 1986; x_wconf 77' lang='lat' dir='ltr'><strong>menifestum</strong></span> 
     </span>
     <span class='ocr_line' id='line_1_15' title="bbox 297 2023 1462 2110; baseline -0.004 -19"><span class='ocrx_word' id='word_1_131' title='bbox 297 2045 362 2091; x_wconf 84' lang='lat' dir='ltr'><strong>esee</strong></span> <span class='ocrx_word' id='word_1_132' title='bbox 377 2027 511 2089; x_wconf 76' lang='lat' dir='ltr'><strong>arbitror.</strong></span> <span class='ocrx_word' id='word_1_133' title='bbox 532 2059 566 2071; x_wconf 86' lang='lat'>-</span> <span class='ocrx_word' id='word_1_134' title='bbox 585 2025 832 2104; x_wconf 74' lang='lat' dir='ltr'><strong>Steinbertus⁸¹t</strong></span> <span class='ocrx_word' id='word_1_135' title='bbox 853 2025 925 2088; x_wconf 90' lang='lat' dir='ltr'><strong>nibil</strong></span> <span class='ocrx_word' id='word_1_136' title='bbox 944 2026 1071 2109; x_wconf 89' lang='lat' dir='ltr'><strong>emplius</strong></span> <span class='ocrx_word' id='word_1_137' title='bbox 1094 2025 1151 2089; x_wconf 90' lang='lat' dir='ltr'><strong>uisi</strong></span> <span class='ocrx_word' id='word_1_138' title='bbox 1165 2024 1283 2088; x_wconf 89' lang='lat' dir='ltr'><strong>rideri</strong></span> <span class='ocrx_word' id='word_1_139' title='bbox 1301 2025 1342 2088; x_wconf 85' lang='lat' dir='ltr'><strong>eit</strong></span> <span class='ocrx_word' id='word_1_140' title='bbox 1354 2023 1462 2110; x_wconf 84' lang='lat' dir='ltr'><strong>Epicu·</strong></span> 
     </span>
     <span class='ocr_line' id='line_1_16' title="bbox 298 2125 1465 2210; baseline -0.003 -16"><span class='ocrx_word' id='word_1_141' title='bbox 298 2148 365 2194; x_wconf 90' lang='lat' dir='ltr'><strong>rum</strong></span> <span class='ocrx_word' id='word_1_142' title='bbox 388 2129 447 2191; x_wconf 92' lang='lat' dir='ltr'><strong>duo</strong></span> <span class='ocrx_word' id='word_1_143' title='bbox 469 2145 576 2210; x_wconf 84' lang='lat' dir='ltr'><strong>genere</strong></span> <span class='ocrx_word' id='word_1_144' title='bbox 599 2127 723 2192; x_wconf 88' lang='lat' dir='ltr'><strong>deorum</strong></span> <span class='ocrx_word' id='word_1_145' title='bbox 744 2129 929 2202; x_wconf 80' lang='lat' dir='ltr'><strong>distinxisse,</strong></span> <span class='ocrx_word' id='word_1_146' title='bbox 950 2147 1011 2192; x_wconf 92' lang='lat' dir='ltr'><strong>non</strong></span> <span class='ocrx_word' id='word_1_147' title='bbox 1030 2129 1174 2192; x_wconf 87' lang='lat' dir='ltr'><strong>diliiletur</strong></span> <span class='ocrx_word' id='word_1_148' title='bbox 1194 2141 1294 2192; x_wconf 86' lang='lat' dir='ltr'><strong>tumen</strong></span> <span class='ocrx_word' id='word_1_149' title='bbox 1317 2125 1465 2191; x_wconf 79' lang='lat' dir='ltr'><strong>adversari</strong></span> 
     </span>
     <span class='ocr_line' id='line_1_17' title="bbox 300 2231 1464 2314; baseline -0.004 -17"><span class='ocrx_word' id='word_1_150' title='bbox 300 2233 369 2297; x_wconf 90' lang='lat' dir='ltr'><strong>buic</strong></span> <span class='ocrx_word' id='word_1_151' title='bbox 389 2233 552 2295; x_wconf 76' lang='lat' dir='ltr'><strong>sententiae</strong></span> <span class='ocrx_word' id='word_1_152' title='bbox 568 2231 667 2295; x_wconf 80' lang='lat' dir='ltr'><strong>velleii</strong></span> <span class='ocrx_word' id='word_1_153' title='bbox 683 2233 770 2296; x_wconf 82' lang='lat' dir='ltr'><strong>serbe</strong></span> <span class='ocrx_word' id='word_1_154' title='bbox 784 2233 862 2314; x_wconf 83' lang='lat' dir='ltr'><strong>opud</strong></span> <span class='ocrx_word' id='word_1_155' title='bbox 878 2231 1066 2297; x_wconf 79' lang='lat' dir='ltr'><strong>Ciceronem:</strong></span> <span class='ocrx_word' id='word_1_156' title='bbox 1090 2233 1197 2296; x_wconf 81' lang='lat' dir='ltr'><strong>addere</strong></span> <span class='ocrx_word' id='word_1_157' title='bbox 1211 2239 1337 2314; x_wconf 82' lang='lat' dir='ltr'><strong>poterut,</strong></span> <span class='ocrx_word' id='word_1_158' title='bbox 1360 2231 1464 2294; x_wconf 84' lang='lat' dir='ltr'><strong>edver-</strong></span> 
     </span>
     <span class='ocr_line' id='line_1_18' title="bbox 298 2333 1465 2417; baseline -0.002 -19"><span class='ocrx_word' id='word_1_159' title='bbox 298 2336 355 2398; x_wconf 89' lang='lat' dir='ltr'><strong>ssri</strong></span> <span class='ocrx_word' id='word_1_160' title='bbox 376 2341 474 2400; x_wconf 85' lang='lat' dir='ltr'><strong>celere</strong></span> <span class='ocrx_word' id='word_1_161' title='bbox 495 2335 593 2398; x_wconf 83' lang='lat' dir='ltr'><strong>omnir</strong></span> <span class='ocrx_word' id='word_1_162' title='bbox 614 2333 651 2398; x_wconf 92' lang='lat' dir='ltr'><strong>de</strong></span> <span class='ocrx_word' id='word_1_163' title='bbox 675 2334 719 2398; x_wconf 92' lang='lat' dir='ltr'><strong>die</strong></span> <span class='ocrx_word' id='word_1_164' title='bbox 734 2334 853 2417; x_wconf 83' lang='lat' dir='ltr'><strong>Epicuri</strong></span> <span class='ocrx_word' id='word_1_165' title='bbox 876 2334 1056 2399; x_wconf 87' lang='lat' dir='ltr'><strong>testimonie.</strong></span> <span class='ocrx_word' id='word_1_166' title='bbox 1073 2369 1113 2382; x_wconf 89' lang='lat'><em>-</em></span> <span class='ocrx_word' id='word_1_167' title='bbox 1135 2333 1176 2397; x_wconf 86' lang='lat' dir='ltr'><strong>ue</strong></span> <span class='ocrx_word' id='word_1_168' title='bbox 1196 2334 1316 2415; x_wconf 88' lang='lat' dir='ltr'><strong>llegelio</strong></span> <span class='ocrx_word' id='word_1_169' title='bbox 1337 2333 1465 2415; x_wconf 87' lang='lat' dir='ltr'><strong>denique</strong></span> 
     </span>
     <span class='ocr_line' id='line_1_19' title="bbox 261 2435 1464 2520; baseline -0.002 -20"><span class='ocrx_word' id='word_1_170' title='bbox 261 2453 269 2468; x_wconf 91' lang='lat'><strong>·</strong></span> <span class='ocrx_word' id='word_1_171' title='bbox 299 2455 360 2500; x_wconf 92' lang='lat' dir='ltr'><strong>uou</strong></span> <span class='ocrx_word' id='word_1_172' title='bbox 385 2437 456 2500; x_wconf 87' lang='lat' dir='ltr'><strong>setis</strong></span> <span class='ocrx_word' id='word_1_173' title='bbox 482 2437 554 2500; x_wconf 91' lang='lat' dir='ltr'><strong>mibi</strong></span> <span class='ocrx_word' id='word_1_174' title='bbox 577 2437 688 2520; x_wconf 86' lang='lat' dir='ltr'><strong>liquere</strong></span> <span class='ocrx_word' id='word_1_175' title='bbox 715 2437 810 2500; x_wconf 84' lang='lat' dir='ltr'><strong>ieteor</strong></span> <span class='ocrx_word' id='word_1_176' title='bbox 835 2437 904 2519; x_wconf 91' lang='lat' dir='ltr'><strong>quid</strong></span> <span class='ocrx_word' id='word_1_177' title='bbox 931 2437 973 2500; x_wconf 91' lang='lat' dir='ltr'><strong>rei</strong></span> <span class='ocrx_word' id='word_1_178' title='bbox 995 2437 1047 2500; x_wconf 85' lang='lat' dir='ltr'><strong>sit:</strong></span> <span class='ocrx_word' id='word_1_179' title='bbox 1075 2456 1143 2500; x_wconf 89' lang='lat' dir='ltr'><strong>uem</strong></span> <span class='ocrx_word' id='word_1_180' title='bbox 1160 2436 1246 2500; x_wconf 86' lang='lat' dir='ltr'><strong>verbe</strong></span> <span class='ocrx_word' id='word_1_181' title='bbox 1261 2436 1382 2518; x_wconf 87' lang='lat' dir='ltr'><strong>quidem</strong></span> <span class='ocrx_word' id='word_1_182' title='bbox 1398 2435 1464 2517; x_wconf 86' lang='lat' dir='ltr'><strong>legi,</strong></span> 
     </span>
     <span class='ocr_line' id='line_1_20' title="bbox 298 2539 1466 2622; baseline -0.001 -19"><span class='ocrx_word' id='word_1_183' title='bbox 298 2540 476 2603; x_wconf 78' lang='lat' dir='ltr'><strong>senteutiam</strong></span> <span class='ocrx_word' id='word_1_184' title='bbox 492 2550 591 2604; x_wconf 86' lang='lat' dir='ltr'><strong>eutem</strong></span> <span class='ocrx_word' id='word_1_185' title='bbox 608 2539 763 2602; x_wconf 86' lang='lat' dir='ltr'><strong>verborum</strong></span> <span class='ocrx_word' id='word_1_186' title='bbox 780 2557 881 2602; x_wconf 74' lang='lat' dir='ltr'><strong>murm</strong></span> <span class='ocrx_word' id='word_1_187' title='bbox 896 2548 949 2602; x_wconf 87' lang='lat' dir='ltr'><strong>eut</strong></span> <span class='ocrx_word' id='word_1_188' title='bbox 963 2539 1145 2622; x_wconf 80' lang='lat' dir='ltr'><strong>probabilem</strong></span> <span class='ocrx_word' id='word_1_189' title='bbox 1160 2557 1264 2602; x_wconf 90' lang='lat' dir='ltr'><strong>eruere</strong></span> <span class='ocrx_word' id='word_1_190' title='bbox 1279 2539 1360 2602; x_wconf 93' lang='lat' dir='ltr'><strong>uullo</strong></span> <span class='ocrx_word' id='word_1_191' title='bbox 1375 2539 1466 2602; x_wconf 92' lang='lat' dir='ltr'><strong>modo</strong></span> 
     </span>
     <span class='ocr_line' id='line_1_21' title="bbox 299 2641 1465 2724; baseline -0.001 -19"><span class='ocrx_word' id='word_1_192' title='bbox 299 2641 393 2724; x_wconf 86' lang='lat' dir='ltr'><strong>potui.</strong></span> <span class='ocrx_word' id='word_1_193' title='bbox 438 2642 551 2705; x_wconf 79' lang='lat' dir='ltr'><strong>Genera</strong></span> <span class='ocrx_word' id='word_1_194' title='bbox 575 2642 698 2705; x_wconf 86' lang='lat' dir='ltr'><strong>deornm</strong></span> <span class='ocrx_word' id='word_1_195' title='bbox 721 2643 781 2706; x_wconf 93' lang='lat' dir='ltr'><strong>duo</strong></span> <span class='ocrx_word' id='word_1_196' title='bbox 796 2643 888 2706; x_wconf 88' lang='lat' dir='ltr'><strong>luisse</strong></span> <span class='ocrx_word' id='word_1_197' title='bbox 903 2641 953 2716; x_wconf 86' lang='lat' dir='ltr'><strong>uit,</strong></span> <span class='ocrx_word' id='word_1_198' title='bbox 968 2643 1189 2724; x_wconf 80' lang='lat' dir='ltr'><strong>alterumquod</strong></span> <span class='ocrx_word' id='word_1_199' title='bbox 1205 2660 1331 2705; x_wconf 91' lang='lat' dir='ltr'><strong>numero</strong></span> <span class='ocrx_word' id='word_1_200' title='bbox 1346 2651 1465 2706; x_wconf 84' lang='lat' dir='ltr'><strong>conele-</strong></span> 
     </span>
     <span class='ocr_line' id='line_1_22' title="bbox 300 2742 1465 2828; baseline -0.003 -20"><span class='ocrx_word' id='word_1_201' title='bbox 300 2751 355 2818; x_wconf 84' lang='lat' dir='ltr'><strong>ses,</strong></span> <span class='ocrx_word' id='word_1_202' title='bbox 373 2744 466 2806; x_wconf 82' lang='lat' dir='ltr'><strong>inetur</strong></span> <span class='ocrx_word' id='word_1_203' title='bbox 479 2743 606 2816; x_wconf 81' lang='lat' dir='ltr'><strong>numeri,</strong></span> <span class='ocrx_word' id='word_1_204' title='bbox 623 2744 694 2806; x_wconf 89' lang='lat' dir='ltr'><strong>nibil</strong></span> <span class='ocrx_word' id='word_1_205' title='bbox 710 2744 766 2808; x_wconf 92' lang='lat' dir='ltr'><strong>uisi</strong></span> <span class='ocrx_word' id='word_1_206' title='bbox 782 2763 927 2808; x_wconf 86' lang='lat' dir='ltr'><strong>uumerus</strong></span> <span class='ocrx_word' id='word_1_207' title='bbox 941 2751 1032 2820; x_wconf 85' lang='lat' dir='ltr'><strong>esset,</strong></span> <span class='ocrx_word' id='word_1_208' title='bbox 1052 2745 1142 2828; x_wconf 90' lang='lat' dir='ltr'><strong>idque</strong></span> <span class='ocrx_word' id='word_1_209' title='bbox 1157 2764 1222 2808; x_wconf 89' lang='lat' dir='ltr'><strong>esse</strong></span> <span class='ocrx_word' id='word_1_210' title='bbox 1236 2744 1255 2806; x_wconf 90' lang='lat' dir='ltr'><strong>i.</strong></span> <span class='ocrx_word' id='word_1_211' title='bbox 1271 2764 1300 2826; x_wconf 87' lang='lat' dir='ltr'><strong>q.</strong></span> <span class='ocrx_word' id='word_1_212' title='bbox 1316 2742 1353 2807; x_wconf 87' lang='lat' dir='ltr'><strong>sb</strong></span> <span class='ocrx_word' id='word_1_213' title='bbox 1368 2743 1465 2806; x_wconf 92' lang='lat' dir='ltr'><strong>omui·</strong></span> 
     </span>
     <span class='ocr_line' id='line_1_23' title="bbox 300 2846 1466 2932; baseline -0.001 -23"><span class='ocrx_word' id='word_1_214' title='bbox 300 2846 367 2919; x_wconf 75' lang='lat' dir='ltr'><strong>bue.</strong></span> <span class='ocrx_word' id='word_1_215' title='bbox 381 2863 457 2928; x_wconf 84' lang='lat' dir='ltr'><strong>quae</strong></span> <span class='ocrx_word' id='word_1_216' title='bbox 471 2846 607 2909; x_wconf 86' lang='lat' dir='ltr'><strong>sensibus</strong></span> <span class='ocrx_word' id='word_1_217' title='bbox 630 2847 740 2928; x_wconf 83' lang='lat' dir='ltr'><strong>percipi</strong></span> <span class='ocrx_word' id='word_1_218' title='bbox 759 2848 910 2930; x_wconf 83' lang='lat' dir='ltr'><strong>riderique</strong></span> <span class='ocrx_word' id='word_1_219' title='bbox 927 2857 1063 2930; x_wconf 85' lang='lat' dir='ltr'><strong>possunt,</strong></span> <span class='ocrx_word' id='word_1_220' title='bbox 1078 2849 1165 2932; x_wconf 87' lang='lat' dir='ltr'><strong>plene</strong></span> <span class='ocrx_word' id='word_1_221' title='bbox 1180 2848 1359 2912; x_wconf 81' lang='lat' dir='ltr'><strong>abstractum</strong></span> <span class='ocrx_word' id='word_1_222' title='bbox 1375 2866 1401 2909; x_wconf 85' lang='lat' dir='ltr'><strong>v.</strong></span> <span class='ocrx_word' id='word_1_223' title='bbox 1417 2865 1466 2909; x_wconf 90' lang='lat' dir='ltr'><strong>se·</strong></span> 
     </span>
     <span class='ocr_line' id='line_1_24' title="bbox 300 2947 1465 3030; baseline -0.001 -17"><span class='ocrx_word' id='word_1_224' title='bbox 300 2950 444 3020; x_wconf 87' lang='lat' dir='ltr'><strong>iunctum,</strong></span> <span class='ocrx_word' id='word_1_225' title='bbox 461 2947 754 3024; x_wconf 49' lang='lat' dir='ltr'><strong>..abstracturum</strong></span> <span class='ocrx_word' id='word_1_226' title='bbox 775 2950 826 3024; x_wconf 82' lang='lat' dir='ltr'><strong>eit,</strong></span> <span class='ocrx_word' id='word_1_227' title='bbox 849 2951 1092 3024; x_wconf 79' lang='lat' dir='ltr'><strong>„insensuali</strong></span> <span class='ocrx_word' id='word_1_228' title='bbox 1113 2953 1187 3030; x_wconf 84' lang='lat' dir='ltr'><strong>(des</strong></span> <span class='ocrx_word' id='word_1_229' title='bbox 1203 2951 1404 3014; x_wconf 82' lang='lat' dir='ltr'><strong>ubstrscse</strong></span> <span class='ocrx_word' id='word_1_230' title='bbox 1421 2949 1465 3012; x_wconf 91' lang='lat' dir='ltr'><strong>im</strong></span> 
     </span>
     <span class='ocr_line' id='line_1_25' title="bbox 301 3051 1465 3137; baseline 0.002 -23"><span class='ocrx_word' id='word_1_231' title='bbox 301 3051 566 3131; x_wconf 83' lang='lat' dir='ltr'><strong>Siunlicben)⁸‘;</strong></span> <span class='ocrx_word' id='word_1_232' title='bbox 587 3053 712 3116; x_wconf 78' lang='lat' dir='ltr'><strong>alterum</strong></span> <span class='ocrx_word' id='word_1_233' title='bbox 728 3071 821 3134; x_wconf 90' lang='lat' dir='ltr'><strong>genus</strong></span> <span class='ocrx_word' id='word_1_234' title='bbox 836 3073 901 3119; x_wconf 89' lang='lat' dir='ltr'><strong>esse</strong></span> <span class='ocrx_word' id='word_1_235' title='bbox 916 3057 1081 3137; x_wconf 89' lang='lat' dir='ltr'><strong>perlectum</strong></span> <span class='ocrx_word' id='word_1_236' title='bbox 1097 3055 1234 3137; x_wconf 83' lang='lat' dir='ltr'><strong>quiddam</strong></span> <span class='ocrx_word' id='word_1_237' title='bbox 1250 3063 1281 3116; x_wconf 92' lang='lat' dir='ltr'><strong>et</strong></span> <span class='ocrx_word' id='word_1_238' title='bbox 1296 3053 1465 3118; x_wconf 84' lang='lat' dir='ltr'><strong>ebsolutum</strong></span> 
     </span>
     <span class='ocr_line' id='line_1_26' title="bbox 301 3153 1466 3241; baseline 0.003 -25"><span class='ocrx_word' id='word_1_239' title='bbox 301 3153 430 3218; x_wconf 86' lang='lat' dir='ltr'><strong>bumone</strong></span> <span class='ocrx_word' id='word_1_240' title='bbox 445 3155 540 3219; x_wconf 85' lang='lat' dir='ltr'><strong>lorms</strong></span> <span class='ocrx_word' id='word_1_241' title='bbox 558 3155 732 3239; x_wconf 83' lang='lat' dir='ltr'><strong>praeditum,</strong></span> <span class='ocrx_word' id='word_1_242' title='bbox 756 3156 845 3240; x_wconf 89' lang='lat' dir='ltr'><strong>idque</strong></span> <span class='ocrx_word' id='word_1_243' title='bbox 861 3159 985 3222; x_wconf 83' lang='lat' dir='ltr'><strong>existere</strong></span> <span class='ocrx_word' id='word_1_244' title='bbox 1001 3177 1054 3241; x_wconf 90' lang='lat' dir='ltr'><strong>per</strong></span> <span class='ocrx_word' id='word_1_245' title='bbox 1068 3157 1290 3222; x_wconf 90' lang='lat' dir='ltr'><strong>similitudinem</strong></span> <span class='ocrx_word' id='word_1_246' title='bbox 1306 3155 1466 3238; x_wconf 76' lang='lat' dir='ltr'><strong>imaginum</strong></span> 
     </span>
     <span class='ocr_line' id='line_1_27' title="bbox 302 3258 1468 3344; baseline 0.002 -24"><span class='ocrx_word' id='word_1_247' title='bbox 302 3275 337 3320; x_wconf 85' lang='lat' dir='ltr'><strong>es</strong></span> <span class='ocrx_word' id='word_1_248' title='bbox 353 3267 495 3340; x_wconf 87' lang='lat' dir='ltr'><strong>perpetuo</strong></span> <span class='ocrx_word' id='word_1_249' title='bbox 515 3259 653 3322; x_wconf 80' lang='lat' dir='ltr'><strong>confluxu</strong></span> <span class='ocrx_word' id='word_1_250' title='bbox 667 3259 808 3323; x_wconf 89' lang='lat' dir='ltr'><strong>similium</strong></span> <span class='ocrx_word' id='word_1_251' title='bbox 825 3260 964 3326; x_wconf 90' lang='lat' dir='ltr'><strong>inunum</strong></span> <span class='ocrx_word' id='word_1_252' title='bbox 981 3261 1129 3344; x_wconf 81' lang='lat' dir='ltr'><strong>idemque.</strong></span> <span class='ocrx_word' id='word_1_253' title='bbox 1149 3280 1223 3342; x_wconf 83' lang='lat' dir='ltr'><strong>quse</strong></span> <span class='ocrx_word' id='word_1_254' title='bbox 1238 3259 1275 3324; x_wconf 83' lang='lat' dir='ltr'><strong>sb</strong></span> <span class='ocrx_word' id='word_1_255' title='bbox 1296 3258 1468 3324; x_wconf 88' lang='lat' dir='ltr'><strong>bominibus</strong></span> 
     </span>
     <span class='ocr_line' id='line_1_28' title="bbox 305 3361 1467 3449; baseline 0.003 -25"><span class='ocrx_word' id='word_1_256' title='bbox 305 3361 538 3444; x_wconf 84' lang='lat' dir='ltr'><strong>perciperentur:</strong></span> <span class='ocrx_word' id='word_1_257' title='bbox 565 3361 651 3446; x_wconf 84' lang='lat' dir='ltr'><strong>plene</strong></span> <span class='ocrx_word' id='word_1_258' title='bbox 672 3362 823 3446; x_wconf 79' lang='lat' dir='ltr'><strong>generales</strong></span> <span class='ocrx_word' id='word_1_259' title='bbox 844 3363 874 3428; x_wconf 90' lang='lat' dir='ltr'><strong>in</strong></span> <span class='ocrx_word' id='word_1_260' title='bbox 890 3365 976 3430; x_wconf 87' lang='lat' dir='ltr'><strong>uobis</strong></span> <span class='ocrx_word' id='word_1_261' title='bbox 991 3365 1150 3449; x_wconf 79' lang='lat' dir='ltr'><strong>imagines:</strong></span> <span class='ocrx_word' id='word_1_262' title='bbox 1177 3365 1290 3447; x_wconf 84' lang='lat' dir='ltr'><strong>bosque</strong></span> <span class='ocrx_word' id='word_1_263' title='bbox 1305 3382 1370 3428; x_wconf 87' lang='lat' dir='ltr'><strong>esse</strong></span> <span class='ocrx_word' id='word_1_264' title='bbox 1386 3363 1467 3438; x_wconf 81' lang='lat' dir='ltr'><strong>deos,</strong></span> 
     </span>
     <span class='ocr_line' id='line_1_29' title="bbox 303 3463 1554 3549; baseline 0.004 -22"><span class='ocrx_word' id='word_1_265' title='bbox 303 3463 354 3548; x_wconf 80' lang='lat' dir='ltr'><strong>gui</strong></span> <span class='ocrx_word' id='word_1_266' title='bbox 367 3465 457 3528; x_wconf 86' lang='lat' dir='ltr'><strong>etiem</strong></span> <span class='ocrx_word' id='word_1_267' title='bbox 478 3465 694 3529; x_wconf 87' lang='lat' dir='ltr'><strong>dormientibus</strong></span> <span class='ocrx_word' id='word_1_268' title='bbox 717 3466 824 3549; x_wconf 88' lang='lat' dir='ltr'><strong>singuli</strong></span> <span class='ocrx_word' id='word_1_269' title='bbox 847 3467 1095 3548; x_wconf 80' lang='lat' dir='ltr'><strong>incurrerent.³¹)</strong></span> <span class='ocrx_word' id='word_1_270' title='bbox 1140 3469 1219 3532; x_wconf 91' lang='lat' dir='ltr'><strong>llsec</strong></span> <span class='ocrx_word' id='word_1_271' title='bbox 1240 3469 1266 3532; x_wconf 89' lang='lat' dir='ltr'><strong>ei</strong></span> <span class='ocrx_word' id='word_1_272' title='bbox 1280 3485 1329 3532; x_wconf 90' lang='lat' dir='ltr'><strong>me</strong></span> <span class='ocrx_word' id='word_1_273' title='bbox 1344 3485 1406 3531; x_wconf 91' lang='lat' dir='ltr'><strong>uou</strong></span> <span class='ocrx_word' id='word_1_274' title='bbox 1421 3466 1468 3532; x_wconf 93' lang='lat' dir='ltr'><strong>iu·</strong></span> <span class='ocrx_word' id='word_1_275' title='bbox 1551 3524 1554 3532; x_wconf 90' lang='lat'>.</span> 
     </span>
    </p>
   </div>
   <div class='ocr_carea' id='block_1_4' title="bbox 304 3601 491 3614">
    <p class='ocr_par' dir='ltr' id='par_1_4' title="bbox 304 3601 491 3614">
     <span class='ocr_line' id='line_1_30' title="bbox 304 3601 491 3614; baseline -0.011 0"><span class='ocrx_word' id='word_1_276' title='bbox 304 3601 491 3614; x_wconf 51' lang='grc' dir='ltr'><strong>*ειη</strong></span> 
     </span>
    </p>
   </div>
   <div class='ocr_carea' id='block_1_5' title="bbox 304 3651 1470 3895">
    <p class='ocr_par' dir='ltr' id='par_1_5' title="bbox 304 3651 1470 3895">
     <span class='ocr_line' id='line_1_31' title="bbox 304 3651 1469 3730; baseline 0.001 -22"><span class='ocrx_word' id='word_1_277' title='bbox 304 3653 398 3725; x_wconf 73' lang='lat' dir='ltr'><strong>stapsi</strong></span> <span class='ocrx_word' id='word_1_278' title='bbox 415 3656 526 3708; x_wconf 76' lang='lat' dir='ltr'><strong>serires</strong></span> <span class='ocrx_word' id='word_1_279' title='bbox 543 3651 745 3716; x_wconf 73' lang='lat' dir='ltr'><strong>desordroi</strong></span> <span class='ocrx_word' id='word_1_280' title='bbox 758 3659 817 3710; x_wconf 82' lang='lat' dir='ltr'><strong>ros&#39;·</strong></span> <span class='ocrx_word' id='word_1_281' title='bbox 832 3654 1300 3730; x_wconf 64' lang='lat' dir='ltr'><strong>si&#39;guupsospdusslgosros·</strong></span> <span class='ocrx_word' id='word_1_282' title='bbox 1323 3655 1361 3710; x_wconf 77' lang='lat' dir='ltr'><strong>(ll.</strong></span> <span class='ocrx_word' id='word_1_283' title='bbox 1377 3657 1406 3710; x_wconf 71' lang='lat' dir='ltr'><strong>ll.</strong></span> <span class='ocrx_word' id='word_1_284' title='bbox 1420 3656 1469 3710; x_wconf 86' lang='lat' dir='ltr'><strong>Ps-</strong></span> 
     </span>
     <span class='ocr_line' id='line_1_32' title="bbox 304 3739 1469 3812; baseline 0 -20"><span class='ocrx_word' id='word_1_285' title='bbox 304 3741 439 3808; x_wconf 80' lang='lat' dir='ltr'><strong>psse&#39;osdt‚</strong></span> <span class='ocrx_word' id='word_1_286' title='bbox 455 3741 486 3793; x_wconf 85' lang='lat' dir='ltr'><strong>ds</strong></span> <span class='ocrx_word' id='word_1_287' title='bbox 502 3742 668 3794; x_wconf 82' lang='lat' dir='ltr'><strong>stomicorusr</strong></span> <span class='ocrx_word' id='word_1_288' title='bbox 681 3743 766 3795; x_wconf 84' lang='lat' dir='ltr'><strong>doctr.</strong></span> <span class='ocrx_word' id='word_1_289' title='bbox 778 3745 871 3806; x_wconf 79' lang='lat' dir='ltr'><strong>(derel.</strong></span> <span class='ocrx_word' id='word_1_290' title='bbox 886 3744 962 3808; x_wconf 83' lang='grc'><strong>1832)</strong></span> <span class='ocrx_word' id='word_1_291' title='bbox 975 3760 998 3810; x_wconf 85' lang='lat' dir='ltr'><strong>p.</strong></span> <span class='ocrx_word' id='word_1_292' title='bbox 1012 3745 1044 3796; x_wconf 87' lang='grc'><strong>70</strong></span> <span class='ocrx_word' id='word_1_293' title='bbox 1056 3745 1101 3812; x_wconf 80' lang='lat' dir='ltr'><strong>qul</strong></span> <span class='ocrx_word' id='word_1_294' title='bbox 1114 3753 1185 3798; x_wconf 85' lang='lat' dir='ltr'><strong>recte</strong></span> <span class='ocrx_word' id='word_1_295' title='bbox 1197 3747 1260 3798; x_wconf 87' lang='lat' dir='ltr'><strong>bsee</strong></span> <span class='ocrx_word' id='word_1_296' title='bbox 1272 3739 1387 3804; x_wconf 72' lang='lat' dir='ltr'><strong>erdere,</strong></span> <span class='ocrx_word' id='word_1_297' title='bbox 1405 3755 1469 3807; x_wconf 81' lang='lat' dir='ltr'><strong>quse</strong></span> 
     </span>
     <span class='ocr_line' id='line_1_33' title="bbox 305 3823 1470 3895; baseline 0.001 -19"><span class='ocrx_word' id='word_1_298' title='bbox 305 3841 354 3876; x_wconf 90' lang='lat' dir='ltr'><strong>sos</strong></span> <span class='ocrx_word' id='word_1_299' title='bbox 371 3839 387 3876; x_wconf 85' lang='lat' dir='ltr'><strong>s</strong></span> <span class='ocrx_word' id='word_1_300' title='bbox 405 3825 553 3894; x_wconf 84' lang='lat' dir='ltr'><strong>corporibus</strong></span> <span class='ocrx_word' id='word_1_301' title='bbox 566 3826 691 3892; x_wconf 85' lang='lat' dir='ltr'><strong>pesdcset</strong></span> <span class='ocrx_word' id='word_1_302' title='bbox 702 3829 747 3880; x_wconf 84' lang='lat' dir='ltr'><strong>scd</strong></span> <span class='ocrx_word' id='word_1_303' title='bbox 760 3823 922 3882; x_wconf 73' lang='grc' dir='ltr'><strong><em>ὑπόστασιν</em></strong></span> <span class='ocrx_word' id='word_1_304' title='bbox 933 3828 1012 3882; x_wconf 79' lang='lat' dir='ltr'><strong>idios</strong></span> <span class='ocrx_word' id='word_1_305' title='bbox 1023 3828 1140 3894; x_wconf 76' lang='lat' dir='ltr'><strong>messes,</strong></span> <span class='ocrx_word' id='word_1_306' title='bbox 1151 3828 1329 3895; x_wconf 76' lang='lat' dir='ltr'><strong>distingueris</strong></span> <span class='ocrx_word' id='word_1_307' title='bbox 1341 3835 1426 3879; x_wconf 86' lang='lat' dir='ltr'><strong>meoet</strong></span> <span class='ocrx_word' id='word_1_308' title='bbox 1438 3825 1470 3877; x_wconf 82' lang='lat' dir='ltr'><strong>se</strong></span> 
     </span>
    </p>
   </div>
   <div class='ocr_carea' id='block_1_6' title="bbox 304 3909 1470 4049">
    <p class='ocr_par' dir='ltr' id='par_1_6' title="bbox 304 3909 1470 4049">
     <span class='ocr_line' id='line_1_34' title="bbox 304 3909 1470 3984; baseline 0.001 -22"><span class='ocrx_word' id='word_1_309' title='bbox 304 3909 351 3975; x_wconf 83' lang='lat' dir='ltr'><strong>ils,</strong></span> <span class='ocrx_word' id='word_1_310' title='bbox 373 3925 437 3977; x_wconf 80' lang='lat' dir='ltr'><strong>guse</strong></span> <span class='ocrx_word' id='word_1_311' title='bbox 458 3911 559 3978; x_wconf 86' lang='lat' dir='ltr'><strong>proprie</strong></span> <span class='ocrx_word' id='word_1_312' title='bbox 579 3911 734 3979; x_wconf 77' lang='lat' dir='ltr'><strong>turgius·</strong></span> <span class='ocrx_word' id='word_1_313' title='bbox 756 3921 880 3966; x_wconf 85' lang='lat' dir='ltr'><strong>socsstur</strong></span> <span class='ocrx_word' id='word_1_314' title='bbox 899 3921 927 3966; x_wconf 89' lang='lat' dir='ltr'><strong>et</strong></span> <span class='ocrx_word' id='word_1_315' title='bbox 948 3930 963 3967; x_wconf 97' lang='lat' dir='ltr'><strong>e</strong></span> <span class='ocrx_word' id='word_1_316' title='bbox 980 3915 1130 3984; x_wconf 88' lang='lat' dir='ltr'><strong>cerporibus</strong></span> <span class='ocrx_word' id='word_1_317' title='bbox 1146 3911 1264 3978; x_wconf 76' lang='lat' dir='ltr'><strong>effluent,</strong></span> <span class='ocrx_word' id='word_1_318' title='bbox 1284 3911 1366 3966; x_wconf 78' lang='lat' dir='ltr'><strong>roms</strong></span> <span class='ocrx_word' id='word_1_319' title='bbox 1382 3927 1470 3964; x_wconf 75' lang='lat' dir='ltr'><strong>eoru·</strong></span> 
     </span>
     <span class='ocr_line' id='line_1_35' title="bbox 304 4003 420 4049; baseline 0.009 -2"><span class='ocrx_word' id='word_1_320' title='bbox 304 4003 420 4049; x_wconf 81' lang='lat' dir='ltr'><strong>servule.</strong></span> 
     </span>
    </p>
   </div>
   <div class='ocr_carea' id='block_1_7' title="bbox 305 4080 1474 4584">
    <p class='ocr_par' dir='ltr' id='par_1_7' title="bbox 373 4080 1250 4155">
     <span class='ocr_line' id='line_1_36' title="bbox 373 4080 1250 4155; baseline 0.005 -21"><span class='ocrx_word' id='word_1_321' title='bbox 373 4082 416 4146; x_wconf 87' lang='grc'><strong>31)</strong></span> <span class='ocrx_word' id='word_1_322' title='bbox 434 4080 461 4133; x_wconf 86' lang='lat' dir='ltr'><strong>lu</strong></span> <span class='ocrx_word' id='word_1_323' title='bbox 473 4098 561 4135; x_wconf 84' lang='lat' dir='ltr'><strong>eorum.</strong></span> <span class='ocrx_word' id='word_1_324' title='bbox 575 4083 607 4136; x_wconf 92' lang='lat' dir='ltr'><strong>de</strong></span> <span class='ocrx_word' id='word_1_325' title='bbox 619 4081 728 4150; x_wconf 76' lang='lat' dir='ltr'><strong>upreeee</strong></span> <span class='ocrx_word' id='word_1_326' title='bbox 741 4099 818 4150; x_wconf 85' lang='lat' dir='ltr'><strong>suprs</strong></span> <span class='ocrx_word' id='word_1_327' title='bbox 832 4093 884 4138; x_wconf 92' lang='lat' dir='ltr'><strong>not.</strong></span> <span class='ocrx_word' id='word_1_328' title='bbox 901 4083 939 4138; x_wconf 83' lang='lat' dir='ltr'><strong>lb.</strong></span> <span class='ocrx_word' id='word_1_329' title='bbox 952 4085 1030 4138; x_wconf 87' lang='lat' dir='ltr'><strong>eilsts</strong></span> <span class='ocrx_word' id='word_1_330' title='bbox 1043 4103 1066 4155; x_wconf 89' lang='lat' dir='ltr'><strong>p.</strong></span> <span class='ocrx_word' id='word_1_331' title='bbox 1078 4085 1128 4138; x_wconf 81' lang='lat' dir='ltr'><strong>l&#39;ll</strong></span> <span class='ocrx_word' id='word_1_332' title='bbox 1142 4093 1195 4138; x_wconf 75' lang='lat' dir='ltr'><strong>sot</strong></span> <span class='ocrx_word' id='word_1_333' title='bbox 1208 4085 1250 4138; x_wconf 84' lang='lat' dir='ltr'><strong>dl.</strong></span> 
     </span>
    </p>

    <p class='ocr_par' dir='ltr' id='par_1_8' title="bbox 305 4166 1474 4584">
     <span class='ocr_line' id='line_1_37' title="bbox 373 4166 1471 4239; baseline 0.001 -19"><span class='ocrx_word' id='word_1_334' title='bbox 373 4166 416 4230; x_wconf 81' lang='grc'><strong>32)</strong></span> <span class='ocrx_word' id='word_1_335' title='bbox 434 4167 514 4234; x_wconf 84' lang='lat' dir='ltr'><strong>qurs</strong></span> <span class='ocrx_word' id='word_1_336' title='bbox 526 4169 669 4222; x_wconf 83' lang='lat' dir='ltr'><strong>leuiussuodi</strong></span> <span class='ocrx_word' id='word_1_337' title='bbox 682 4169 905 4238; x_wconf 84' lang='lat' dir='ltr'><strong>pbilosopbesmtis</strong></span> <span class='ocrx_word' id='word_1_338' title='bbox 917 4171 1088 4238; x_wconf 80' lang='lat' dir='ltr'><strong>exprimendis</strong></span> <span class='ocrx_word' id='word_1_339' title='bbox 1101 4171 1179 4224; x_wconf 88' lang='lat' dir='ltr'><strong>letiss</strong></span> <span class='ocrx_word' id='word_1_340' title='bbox 1192 4171 1278 4239; x_wconf 80' lang='lat' dir='ltr'><strong>liugos</strong></span> <span class='ocrx_word' id='word_1_341' title='bbox 1292 4186 1340 4222; x_wconf 87' lang='lat' dir='ltr'><strong>sors</strong></span> <span class='ocrx_word' id='word_1_342' title='bbox 1350 4166 1471 4231; x_wconf 83' lang='lat' dir='ltr'><strong>sslfleist,</strong></span> 
     </span>
     <span class='ocr_line' id='line_1_38' title="bbox 310 4252 1472 4325; baseline 0.003 -21"><span class='ocrx_word' id='word_1_343' title='bbox 310 4254 449 4305; x_wconf 74' lang='lat' dir='ltr'><strong>nuendum</strong></span> <span class='ocrx_word' id='word_1_344' title='bbox 461 4261 515 4322; x_wconf 86' lang='lat' dir='ltr'><strong>est,</strong></span> <span class='ocrx_word' id='word_1_345' title='bbox 533 4271 563 4307; x_wconf 87' lang='lat' dir='ltr'><strong>ss</strong></span> <span class='ocrx_word' id='word_1_346' title='bbox 575 4255 631 4323; x_wconf 83' lang='lat' dir='ltr'><strong>quis</strong></span> <span class='ocrx_word' id='word_1_347' title='bbox 643 4270 683 4308; x_wconf 75' lang='lat' dir='ltr'><strong>ms</strong></span> <span class='ocrx_word' id='word_1_348' title='bbox 695 4256 846 4310; x_wconf 73' lang='lat' dir='ltr'><strong>scelestis!</strong></span> <span class='ocrx_word' id='word_1_349' title='bbox 857 4258 947 4310; x_wconf 73' lang='lat' dir='ltr'><strong>sumni</strong></span> <span class='ocrx_word' id='word_1_350' title='bbox 959 4256 1102 4325; x_wconf 81' lang='lat' dir='ltr'><strong>pbilosspbi</strong></span> <span class='ocrx_word' id='word_1_351' title='bbox 1113 4258 1179 4311; x_wconf 85' lang='lat' dir='ltr'><strong>mels</strong></span> <span class='ocrx_word' id='word_1_352' title='bbox 1191 4259 1314 4312; x_wconf 82' lang='lat' dir='ltr'><strong>vertendo</strong></span> <span class='ocrx_word' id='word_1_353' title='bbox 1326 4252 1472 4321; x_wconf 80' lang='lat' dir='ltr'><strong>corrupisse</strong></span> 
     </span>
     <span class='ocr_line' id='line_1_39' title="bbox 306 4335 1472 4413; baseline 0.002 -23"><span class='ocrx_word' id='word_1_354' title='bbox 306 4346 404 4404; x_wconf 62' lang='lat' dir='ltr'><strong>usust.</strong></span> <span class='ocrx_word' id='word_1_355' title='bbox 427 4335 606 4394; x_wconf 77' lang='lat' dir='ltr'><strong>&#39;l&#39;rssscsibsn</strong></span> <span class='ocrx_word' id='word_1_356' title='bbox 624 4341 703 4407; x_wconf 72' lang='lat' dir='ltr'><strong>igitur·</strong></span> <span class='ocrx_word' id='word_1_357' title='bbox 719 4357 817 4396; x_wconf 71' lang='lat' dir='ltr'><strong>ense!</strong></span> <span class='ocrx_word' id='word_1_358' title='bbox 835 4343 901 4396; x_wconf 87' lang='lat' dir='ltr'><strong>leuse</strong></span> <span class='ocrx_word' id='word_1_359' title='bbox 917 4341 1014 4410; x_wconf 75' lang='lat' dir='ltr'><strong>locum,</strong></span> <span class='ocrx_word' id='word_1_360' title='bbox 1032 4352 1061 4397; x_wconf 91' lang='lat' dir='ltr'><strong>ut</strong></span> <span class='ocrx_word' id='word_1_361' title='bbox 1077 4345 1173 4413; x_wconf 84' lang='lat' dir='ltr'><strong>legitor·</strong></span> <span class='ocrx_word' id='word_1_362' title='bbox 1185 4344 1210 4397; x_wconf 91' lang='lat' dir='ltr'><strong>is</strong></span> <span class='ocrx_word' id='word_1_363' title='bbox 1222 4344 1317 4397; x_wconf 74' lang='lat' dir='ltr'><strong>scholis</strong></span> <span class='ocrx_word' id='word_1_364' title='bbox 1330 4341 1430 4410; x_wconf 81' lang='lat' dir='ltr'><strong>liegelil</strong></span> <span class='ocrx_word' id='word_1_365' title='bbox 1441 4341 1472 4392; x_wconf 91' lang='lat' dir='ltr'><strong>ds</strong></span> 
     </span>
     <span class='ocr_line' id='line_1_40' title="bbox 305 4419 1473 4501; baseline 0.003 -25"><span class='ocrx_word' id='word_1_366' title='bbox 305 4419 398 4476; x_wconf 76' lang='lat' dir='ltr'><strong>lucer.</strong></span> <span class='ocrx_word' id='word_1_367' title='bbox 418 4424 508 4492; x_wconf 77' lang='lat' dir='ltr'><strong>psuss.</strong></span> <span class='ocrx_word' id='word_1_368' title='bbox 526 4435 584 4493; x_wconf 85' lang='lat' dir='ltr'><strong>pest</strong></span> <span class='ocrx_word' id='word_1_369' title='bbox 597 4427 677 4496; x_wconf 87' lang='lat' dir='ltr'><strong>ipsius</strong></span> <span class='ocrx_word' id='word_1_370' title='bbox 689 4436 798 4482; x_wconf 77' lang='lat' dir='ltr'><strong>merten</strong></span> <span class='ocrx_word' id='word_1_371' title='bbox 810 4446 825 4482; x_wconf 96' lang='lat' dir='ltr'><strong>s</strong></span> <span class='ocrx_word' id='word_1_372' title='bbox 837 4429 974 4484; x_wconf 82' lang='lat' dir='ltr'><strong>bliebelets</strong></span> <span class='ocrx_word' id='word_1_373' title='bbox 986 4432 1072 4496; x_wconf 80' lang='lat' dir='ltr'><strong>editis,</strong></span> <span class='ocrx_word' id='word_1_374' title='bbox 1085 4439 1151 4501; x_wconf 82' lang='lat' dir='ltr'><strong>pert.</strong></span> <span class='ocrx_word' id='word_1_375' title='bbox 1164 4433 1190 4483; x_wconf 79' lang='grc'><strong>3.</strong></span> <span class='ocrx_word' id='word_1_376' title='bbox 1203 4431 1276 4499; x_wconf 66' lang='lat' dir='ltr'><strong>liin.</strong></span> <span class='ocrx_word' id='word_1_377' title='bbox 1288 4428 1361 4497; x_wconf 84' lang='lat' dir='ltr'><strong>lllV)</strong></span> <span class='ocrx_word' id='word_1_378' title='bbox 1374 4445 1398 4496; x_wconf 82' lang='lat' dir='ltr'><strong>p.</strong></span> <span class='ocrx_word' id='word_1_379' title='bbox 1411 4427 1473 4481; x_wconf 78' lang='lat' dir='ltr'><strong>ldie</strong></span> 
     </span>
     <span class='ocr_line' id='line_1_41' title="bbox 308 4505 1474 4584; baseline 0.003 -24"><span class='ocrx_word' id='word_1_380' title='bbox 308 4505 385 4572; x_wconf 77' lang='lat' dir='ltr'><strong>„Sle</strong></span> <span class='ocrx_word' id='word_1_381' title='bbox 405 4508 471 4575; x_wconf 80' lang='lat' dir='ltr'><strong>(die</strong></span> <span class='ocrx_word' id='word_1_382' title='bbox 487 4507 615 4577; x_wconf 74' lang='lat' dir='ltr'><strong>thter)</strong></span> <span class='ocrx_word' id='word_1_383' title='bbox 633 4511 819 4580; x_wconf 60' lang='grc' dir='ltr'><strong>δακὼν)</strong></span> <span class='ocrx_word' id='word_1_384' title='bbox 840 4523 912 4584; x_wconf 74' lang='lat' dir='ltr'><strong>ssgt</strong></span> <span class='ocrx_word' id='word_1_385' title='bbox 927 4515 1063 4582; x_wconf 80' lang='lat' dir='ltr'><strong>lipllur,</strong></span> <span class='ocrx_word' id='word_1_386' title='bbox 1083 4513 1206 4582; x_wconf 75' lang='lat' dir='ltr'><strong>„theiis</strong></span> <span class='ocrx_word' id='word_1_387' title='bbox 1223 4514 1356 4584; x_wconf 76' lang='lat' dir='ltr'><strong>(slsigs)</strong></span> <span class='ocrx_word' id='word_1_388' title='bbox 1372 4515 1403 4567; x_wconf 90' lang='lat' dir='ltr'><strong>ls</strong></span> <span class='ocrx_word' id='word_1_389' title='bbox 1419 4512 1474 4564; x_wconf 84' lang='lat' dir='ltr'><strong>der</strong></span> 
     </span>
    </p>
   </div>
   <div class='ocr_carea' id='block_1_8' title="bbox 0 0 1614 4962">
    <p class='ocr_par' dir='ltr' id='par_1_9' title="bbox 0 0 1614 4962">
     <span class='ocr_line' id='line_1_42' title="bbox 0 0 1614 4962; baseline 0 0"><span class='ocrx_word' id='word_1_390' title='bbox 0 0 1614 4962; x_wconf 95' lang='lat' dir='ltr'><strong> </strong></span> 
     </span>
    </p>
   </div>
  </div>
 </body>
</html>
