3186 4968
777 455 926 552 ..ι-ι*

263 649 332 710 «tam
348 645 475 707 aedilrda
490 642 664 726 imaginibus
676 652 779 708 emota
790 643 893 720 luisse,
904 651 994 728 atque
1006 646 1060 709 lios
1072 666 1088 708 n
1100 647 1192 712 cboro
1204 657 1348 729 spectatus
1360 671 1437 727 esee,

264 750 331 814 lieet
352 765 405 829 pro
424 753 506 810 certo
524 745 674 811 allirmars
694 748 801 822 nolim,
831 767 973 832 perquem
1000 759 1101 813 tamen
1126 748 1274 831 probabile
1301 754 1438 818 arbitror.

265 851 361 933 ipsius
375 859 475 914 autern
491 851 637 931 proscenii
658 869 726 932 pars
746 851 939 917 interierant
960 871 1050 917 unam
1072 853 1230 916 autetiam
1255 856 1354 936 plures
1375 875 1439 920 ares

266 953 392 1016 lrambat
406 963 529 1035 eratque
549 952 676 1016 leonense
698 953 787 1018 etium
808 955 944 1018 cancellis
964 965 1078 1036 erepto,
1101 973 1177 1036 qnos
1199 957 1361 1038 transgredi
1382 958 1439 1022 nisi

265 1056 498 1120 uoinmortms
514 1073 575 1119 non
598 1056 711 1120 licebat.
742 1057 879 1121 Exterior
899 1057 1043 1138 prroscenii
1063 1073 1130 1139 pers
1153 1058 1323 1122 orchestrae
1339 1057 1438 1122 immi-

268 1177 353 1232 nens.
368 1159 513 1241 pulpitum
524 1157 585 1222 sire
600 1155 738 1241 λογεῖον,
753 1159 844 1224 etiam
856 1160 919 1224 aliis
931 1160 1057 1242 patebat,
1072 1161 1103 1223 in
1113 1179 1207 1244 eaque
1219 1181 1289 1226 mox
1301 1161 1440 1226 &cusam

273 1283 343 1329 curn
356 1263 427 1327 lone
441 1263 659 1345 colloquentem
676 1263 848 1328 ridebimus.
868 1264 1000 1328 chorum
1016 1283 1136 1346 quoque
1151 1264 1209 1328 lruc
1223 1266 1382 1328 ascendere
1396 1265 1442 1328 ni·

269 1365 310 1430 bil
325 1385 400 1450 opus
415 1375 492 1430 erat:
509 1383 578 1428 nem
595 1367 764 1446 conspicere
781 1369 824 1429 rel
838 1368 982 1448 templum
995 1368 1038 1430 rel
1052 1367 1185 1448 porticus
1196 1368 1307 1449 templo
1320 1367 1441 1450 propin·

269 1487 344 1552 quas
358 1469 447 1532 etiam
462 1487 497 1530 cx
514 1468 667 1531 orchestra
683 1475 807 1548 poterat,
824 1469 983 1551 quaelicet
1003 1467 1118 1550 aliquot
1138 1469 1229 1552 pedes
1249 1471 1324 1533 intra
1345 1469 1442 1550 pulpi-

268 1579 334 1634 tum
348 1569 497 1652 depressa,
512 1579 629 1633 tantum
641 1580 743 1633 tamen
758 1571 866 1634 clereto
878 1589 942 1633 esee
955 1570 1090 1644 debebat,
1103 1581 1137 1636 nt
1148 1589 1245 1653 nequo
1256 1571 1442 1654 colloquendi

267 1691 338 1738 curn
354 1672 488 1754 personis
503 1673 534 1736 in
549 1673 662 1754 pulpito
679 1673 862 1736 versantibus
876 1691 973 1756 neque
989 1673 1105 1739 ridendi
1120 1674 1264 1758 quidquid
1277 1675 1306 1738 in
1322 1693 1441 1758 proece-

270 1779 322 1843 ru'o
335 1787 413 1842 meet
428 1775 552 1840 incultas
566 1777 659 1842 cboro
674 1775 862 1840 adimeretur.
1199 1854 1202 1864 ι

357 1883 534 1964 Progressus
549 1881 580 1945 in
596 1881 779 1945 orchestrnn
793 1880 902 1945 chorus
917 1891 948 1945 et
958 1881 994 1945 nd
1008 1882 1195 1964 proscenium
1207 1903 1367 1948 conversus
1383 1883 1443 1966 pri·

272 2006 351 2052 marn
362 1985 503 2068 conspicit
513 1983 672 2068 imaginem
683 1985 816 2049 llerculis
825 1985 948 2070 bpdranr
960 1985 1121 2050 lernaeam
1133 1979 1337 2052 interimentis.
1350 1979 1446 2062 ‘roan

271 2090 369 2176 inquit
381 2107 440 2155 una
456 2090 620 2156 mulierum

573 2183 670 2272 'idoli
695 2183 785 2258 τάνδ’
808 2183 970 2282 ἶν’ῧριρσσν·

579 2300 747 2384 Λερναῖον
770 2291 869 2384 ἕδραν
891 2291 1015 2384 lnelpn

578 2400 732 2490 χρυσέαις
755 2396 882 2490 ἅρπαις
905 2393 924 2468 ὁ
948 2402 1036 2484 Διὸς
1057 2406 1155 2485 παῖς·

581 2507 678 2584 Φίλα,
702 2499 841 2596 πρόσιδ’
864 2496 989 2586 ὄσσοις.

274 2617 416 2682 Fabulam
432 2615 509 2678 banc
524 2614 561 2678 de
577 2613 710 2678 llerculis
726 2631 795 2676 cum
810 2612 902 2696 bydra
917 2613 1078 2677 certsmine
1090 2615 1119 2678 in
1132 2614 1168 2678 ile
1179 2615 1361 2698 argumentis
1373 2615 1447 2679 luis·

275 2742 318 2797 se,
334 2741 410 2806 quae
425 2719 521 2783 autin
537 2719 653 2800 porticu
670 2715 789 2800 llolplris
811 2717 848 2780 ab
862 2716 1090 2782 Atheniensibus
1116 2727 1284 2782 consecrata
1306 2726 1449 2792 extarent,

232 2833 237 2840 '
275 2835 328 2892 ant
343 2827 373 2888 in
388 2825 475 2906 peplo
492 2823 637 2886 llincrrae
649 2821 728 2905 pingi
743 2831 794 2886 ant
809 2821 900 2886 intexi
916 2822 1061 2895 solerent,
1084 2838 1212 2903 eumque
1232 2822 1295 2886 eius
1316 2841 1448 2886 comme-

277 2929 438 2994 morandae
454 2927 511 2990 boc
528 2927 593 2989 loco
608 2943 727 2990 causum
748 2924 879 3006 Euripidi
894 2923 996 2998 luisse,
1017 2925 1095 3008 quod
1115 2925 1263 2988 Boecllrio
1281 2924 1375 2989 risum
1397 2935 1452 2998 est.

276 3033 315 3095 de
335 3050 377 3114 gr.
398 3043 469 3113 trag.
491 3029 584 3111 princ.
607 3047 635 3111 p.
658 3029 737 3102 tut,
755 3045 809 3091 nec
830 3045 935 3110 negare
958 3027 1042 3090 nobis
1067 3047 1123 3094 nec
1138 3029 1285 3092 allirmure
1300 3027 1329 3089 in
1350 3029 1450 3092 animo

279 3145 345 3199 est:
360 3134 499 3216 idemque
519 3133 609 3196 etiam
624 3132 661 3196 de
676 3131 782 3195 ceteris
798 3131 972 3214 iursginibus
987 3131 1097 3195 dictum
1115 3131 1265 3204 uolumus,
1286 3149 1361 3212 quae
1382 3151 1450 3194 mox

279 3237 481 3322 denigrantur.
513 3235 572 3300 Sed
588 3233 755 3319 Λερναῖον
769 3253 822 3297 cur
837 3235 971 3317 hydram,
987 3251 1048 3298 nnn
1065 3233 1235 3318 Λερναίαν
1256 3233 1394 3298 mulir-ren
1405 3233 1450 3298 di-

41 3363 54 3387 *
168 3425 170 3428 .
279 3353 365 3416 cant.
386 3361 473 3408 musa
493 3349 595 3424 apicrtr
615 3349 677 3414 est,
698 3339 896 3422 dixeruntque
922 3339 958 3404 de
978 3339 1060 3404 urrini
1083 3340 1141 3404 boc
1159 3357 1265 3423 genere
1287 3339 1450 3403 lonnnrnm

281 3447 512 3512 masculinorum
529 3463 582 3527 pro
596 3443 747 3507 femininis
763 3442 806 3505 vel
823 3453 943 3524 propter
956 3445 1135 3526 euphoniam
1152 3445 1196 3508 rel
1213 3451 1334 3525 propter
1345 3461 1450 3507 numu·

280 3571 367 3617 ross
393 3549 488 3633 poetis
508 3555 731 3629 usurpartarnm
753 3547 919 3612 Lobeclrius
940 3549 976 3612 ad
998 3551 1089 3631 b’oph.
1111 3545 1319 3614 discedit
1344 3567 1371 3630 p.
1394 3547 1450 3610 171

281 3655 389 3740 aliique
404 3653 579 3735 complures,
595 3651 704 3734 quibus
714 3669 794 3716 nunc
809 3651 927 3734 quidem
946 3652 1014 3716 nibil
1030 3654 1097 3717 addi
1112 3672 1188 3734 opus
1201 3663 1258 3718 est.
1272 3653 1397 3734 l‘ropter
1411 3651 1453 3715 si·

283 3760 384 3826 milem
400 3776 520 3823 causam
536 3767 636 3821 autem
648 3753 737 3819 etiam
754 3755 850 3836 paullo
866 3765 932 3838 pust
946 3750 1101 3841 χρυσέαις
1119 3749 1256 3840 ἅρπαις,
1273 3756 1377 3838 plurali
1395 3773 1452 3819 nn·

284 3882 368 3929 mero
384 3881 438 3946 pro
453 3860 601 3946 singulari,
616 3869 732 3944 poetam
748 3859 855 3924 dixisse
870 3869 1005 3942 apparet,
1027 3861 1278 3944 quomadmodum
1291 3860 1453 3941 Sophocles

285 3968 402 4032 distem
418 3967 546 4050 pecudes
560 3963 723 4042 νιλαινσῒς
745 3959 885 4051 ξίφεσιν,
901 3982 961 4028 non
975 3959 1121 4050 κιλαινρῖ
1143 3957 1245 4051 ξίφει,
1261 3965 1454 4029 obtruncasse

284 4071 366 4144 dicit,
381 4071 502 4154 ollisque
517 4069 589 4134 locis
610 4086 670 4133 non
691 4069 792 4151 paucis
811 4069 888 4132 bunc
906 4068 1021 4132 numeri
1042 4068 1208 4150 molimen,
1231 4067 1402 4150 praesertim
1424 4067 1454 4131 in

285 4192 438 4240 armorum
458 4184 486 4236 et
507 4174 772 4237 instmmentorum
793 4170 973 4245 nominibus,
992 4191 1008 4233 a
1030 4173 1125 4253 poetis
1151 4171 1286 4252 usurpari
1311 4171 1454 4234 videmus·

286 4275 349 4340 sire
361 4275 483 4340 lortuito
498 4276 559 4338 sire
573 4275 685 4338 occulto
701 4273 828 4356 quadam
844 4273 967 4347 ratione,
984 4285 1015 4336 ut
1031 4273 1196 4338 bobcclriue
1210 4274 1250 4338 ait
1270 4273 1306 4337 ed
1328 4277 1359 4336 S.
1375 4273 1454 4352 diac,

287 4397 316 4439 r.
329 4377 402 4440 231.
428 4381 522 4461 tltqne
538 4377 567 4442 in
582 4378 632 4442 illo
646 4376 768 4460 quidem
784 4375 939 4456 Sophoclis
954 4375 1098 4440 versiculo
1115 4377 1257 4459 pluralem
1273 4374 1379 4458 uliquis
1394 4393 1455 4438 non

289 4477 381 4544 morlo
406 4486 528 4562 propter
558 4477 643 4542 metri
669 4477 874 4544 necessitatem
898 4479 1022 4542 ercitum
1044 4481 1222 4561 suspicetur,
1240 4481 1292 4544 sed
1309 4478 1399 4542 etiam
1417 4477 1455 4541 ad
