3166 4962
645 507 795 610 ffi-

131 697 315 782 prolltentur.
342 699 380 762 Et
394 699 470 782 apud
486 707 599 764 veteres
614 699 734 782 quidem
748 697 956 779 sapientissimi
973 697 1070 778 legum
1086 697 1194 762 latores
1205 697 1297 762 ctiam

131 799 162 863 in
177 799 212 862 iis
226 799 399 874 civitatibus,
415 821 520 884 quasa
537 803 654 884 regibus
668 801 822 882 galerani
838 800 994 872 «leuiorem,
1010 833 1052 846 -
1068 801 1124 863 boc
1146 799 1227 862 enim
1242 821 1296 882 ge·

131 919 189 964 nus
203 902 317 983 imperii
331 903 409 984 apud
425 923 529 967 omnes
544 906 674 987 primum
688 903 779 966 luisse
794 907 919 974 constat,
935 935 978 948 -
991 919 1054 964 rem
1071 902 1218 983 publicam
1231 920 1293 964 nou

132 1003 329 1066 multitudinis
343 1005 438 1068 ratlac
453 1015 541 1088 atque
557 1006 704 1068 mutabilis
718 1003 875 1067 temeritati
890 1011 941 1064 aut
955 1003 1147 1065 eoocilionrm
1163 1003 1294 1066 amulti·

131 1105 233 1170 tudine
247 1117 413 1170 maestorum
428 1109 549 1171 arbitrio
563 1107 788 1190 permittendam
801 1125 866 1167 esse
879 1103 1052 1174 iudicarunt.
1067 1105 1294 1185 sceleratiorem
1391 1179 1396 1184 .

131 1211 291 1292 quemdam
312 1209 470 1292 minusque
486 1211 658 1274 mutabilem
673 1229 708 1272 ex
725 1207 916 1292 optimatibus
936 1216 1072 1270 senatum
1094 1207 1295 1281 instituerunt,

132 1330 188 1376 nec
206 1322 269 1376 rata
289 1333 355 1376 esse
377 1313 475 1396 populi
494 1323 546 1376 aut
565 1313 750 1395 popularium
765 1309 957 1374 conciliorum
973 1309 1044 1372 scita
1058 1329 1124 1372 esse
1140 1309 1296 1373 uoluerunt

133 1415 189 1478 nisi
211 1435 244 1479 en
265 1416 454 1498 optimatium
475 1417 698 1502 comprobasset
719 1414 887 1478 atrctorltas.
923 1413 1025 1494 Neque
1040 1421 1138 1475 tanseat
1153 1415 1225 1476 satis
1240 1415 1295 1479 bac
1350 1461 1352 1466 -

132 1519 315 1582 institutione
326 1519 420 1582 caveri
435 1520 540 1601 potuit,
557 1538 593 1582 ne
604 1519 764 1582 existerent
773 1535 988 1600 saepenumero
1001 1516 1031 1578 in
1040 1516 1155 1578 ciuitate
1167 1517 1293 1599 partium

134 1622 311 1698 certamina,
327 1641 419 1704 quum
440 1623 523 1686 alteri
538 1623 702 1685 libertatem
718 1621 851 1684 omnium
868 1620 1042 1683 auctoritate
1057 1637 1221 1700 paucorum
1237 1620 1295 1683 im·

134 1725 226 1788 minui
253 1733 284 1788 et
306 1725 433 1788 coerceri
455 1725 567 1788 nullent
588 1725 765 1808 aequarique
789 1724 993 1786 uniuersorum
1016 1723 1078 1784 iura
1100 1721 1294 1804 postularent,

133 1829 216 1894 alteri
231 1839 329 1893 autom
346 1834 405 1892 tam
423 1828 539 1912 iniquae
554 1827 769 1912 aequabilitatis
785 1827 852 1890 odio
868 1827 945 1890 laaard
960 1844 1030 1888 saue
1043 1824 1152 1888 iniusto
1163 1827 1295 1908 plerum-

133 1953 191 2018 quo
207 1951 267 1997 nou
279 1933 350 1996 satis
362 1933 505 1996 tralucent
516 1929 1230 2016 turueritatietcupblitatimtdtitudinisresistere,
1241 1928 1294 1992 sed

133 2056 170 2102 uc
186 2047 301 2102 tantum
316 2037 435 2120 quidem
452 2039 658 2112 eerneederent,
674 2048 818 2122 quantum
834 2036 954 2101 concedi
969 2035 1033 2098 sino
1050 2035 1181 2118 publicae
1192 2033 1296 2097 salutis

132 2141 310 2206 detrimento
320 2150 430 2224 posset.
447 2141 621 2205 lluiusmodi
631 2142 842 2206 certaminibus
854 2159 915 2203 non
928 2139 1036 2202 mirum
1048 2147 1094 2202 est
1105 2158 1155 2201 eas
1168 2138 1294 2202 marimo

131 2246 260 2310 civitates
275 2265 433 2310 concussas
447 2265 523 2319 esse,
539 2245 569 2309 in
585 2247 691 2330 quibus
706 2247 785 2310 nulla
801 2244 895 2308 maior
910 2249 988 2306 esset
1002 2249 1031 2306 et
1047 2243 1174 2327 partium
1189 2243 1296 2306 studiis

131 2351 238 2416 intacta
253 2359 394 2434 potestas,
409 2369 484 2434 quae
500 2353 612 2414 neutris
627 2353 693 2434 plus
705 2368 800 2432 aequo
812 2349 912 2412 iacens
924 2367 1032 2424 reram,
1048 2347 1078 2410 b.
1091 2368 1118 2410 e.
1131 2365 1185 2430 pro
1198 2347 1296 2428 eligni-

131 2463 190 2517 tate
205 2453 346 2534 cuiusque
358 2453 535 2536 descriptam
547 2453 618 2516 luris
629 2453 863 2534 aequabilitatem
874 2451 1037 2515 custodiret
1048 2459 1077 2514 et
1088 2469 1177 2512 suum
1189 2453 1296 2534 cuique

130 2557 282 2621 tribueret.
316 2555 407 2636 igitur
433 2555 655 2637 prudentissimi
682 2565 733 2620 out
754 2575 854 2619 rerum
876 2554 1036 2636 scriptores
1057 2561 1108 2616 aut
1128 2553 1296 2636 pbilosopbl

130 2660 241 2722 nullam
257 2659 300 2722 rei
315 2659 448 2740 publicae
462 2659 706 2721 constitutionem
723 2660 873 2722 meliorent
890 2677 956 2720 esse
972 2656 1146 2731 iudicarunt,
1162 2675 1252 2738 quam
1264 2657 1296 2718 iu

130 2783 188 2846 qua
207 2762 284 2842 regia
300 2767 431 2844 potestas
445 2761 516 2822 satis
534 2760 626 2824 ualida
642 2771 720 2824 esset
735 2761 834 2824 autad
851 2759 1048 2842 praecauenda
1063 2758 1211 2821 eiusmodi
1225 2775 1295 2821 cer·

130 2864 258 2940 tamina,
273 2870 335 2938 aut,
351 2863 376 2924 si
392 2880 513 2944 prorsus
529 2863 623 2924 caueri
638 2863 804 2944 nequirent,
821 2862 1001 2924 moderando
1017 2863 1121 2924 saltem
1137 2870 1167 2922 et
1181 2861 1218 2922 ad
1232 2860 1294 2924 reri

131 2967 201 3030 iuris
216 2967 345 3047 bonique
360 2963 469 3047 publici
484 2983 619 3028 normam
635 2965 805 3028 decidenda.
828 2965 887 3027 lllis
899 2975 1011 3036 contra,
1027 2965 1078 3046 qui
1090 2983 1179 3026 unam
1192 2963 1295 3046 populi

130 3069 294 3131 libertatem
311 3087 375 3131 eam
392 3087 457 3130 esse
472 3067 585 3141 volunt,
601 3067 651 3130 ubi
666 3067 828 3150 plurimum
844 3067 959 3130 caleant
974 3066 1104 3150 plurimi,
1121 3101 1162 3114 -
1175 3065 1206 3128 in
1217 3085 1296 3148 ‹pun-

131 3191 199 3236 rum
220 3189 345 3235 nurnero
365 3169 522 3252 plerosque
544 3187 647 3232 eorum
671 3189 737 3233 esse
757 3169 904 3247 videmus,
926 3170 978 3252 qui
1002 3169 1089 3233 bodie
1104 3188 1121 3232 a
1136 3186 1299 3252 progressu

131 3292 242 3338 nomeu
257 3273 312 3336 sibi
322 3281 558 3356 assumpserunt,
572 3307 614 3320 -
625 3291 744 3336 necesse
755 3282 801 3336 est
813 3275 982 3338 buiusmodi
994 3282 1172 3356 potestatem
1185 3273 1297 3353 regiam

132 3379 259 3441 maxime
280 3377 404 3441 inrisam
425 3396 507 3452 esse,
528 3395 617 3460 quam
632 3377 773 3460 proinde,
792 3378 818 3442 si
843 3385 935 3441 totam
956 3377 1073 3441 abolere
1094 3376 1298 3459 nonpossint,

132 3481 309 3546 imminuere
329 3481 433 3545 saltem
455 3489 485 3544 et
504 3481 668 3564 deprimere
690 3491 836 3547 conantur
854 3501 949 3566 usque
964 3503 1016 3558 eo,
1037 3482 1109 3545 dum
1129 3481 1210 3563 regni
1226 3480 1300 3544 nibil

132 3585 189 3650 uisi
205 3603 314 3650 nomen
329 3603 364 3650 ac
379 3601 450 3648 uana
465 3585 578 3666 species
592 3593 692 3660 restet,
713 3603 816 3670 reapse
830 3596 929 3650 autem
945 3587 1040 3650 lorma
1055 3586 1098 3649 rei
1115 3585 1247 3669 publicae
1261 3602 1299 3648 ex

132 3688 211 3773 regin
226 3689 377 3774 popularis
391 3681 468 3753 lacta
482 3705 593 3771 rexque
609 3687 666 3753 iam
683 3705 743 3753 non
760 3691 784 3754 is
798 3689 847 3764 sit,
864 3689 914 3773 qui
930 3699 1020 3772 regat,
1036 3689 1088 3753 sed
1103 3688 1154 3772 qul
1170 3699 1298 3771 regatur.

133 3794 197 3858 lloc
219 3813 283 3866 eos,
304 3792 445 3876 quoniam
465 3803 565 3874 aperte
585 3811 655 3875 prae
676 3811 708 3855 se
729 3793 807 3856 terro
827 3793 960 3857 nondum
981 3793 1108 3870 audent,
1128 3793 1253 3858 subdole
1268 3803 1300 3858 et

134 3897 353 3963 dissimulanter
377 3915 463 3978 cgere
491 3895 642 3970 uidemus,
667 3895 803 3977 uiamque
828 3897 883 3959 sibi
913 3897 1031 3961 munire
1051 3881 1299 3962 iuriseuiusdam

134 4002 231 4086 speeie
246 4009 408 4084 praetexta,
423 4000 504 4082 quod
519 3999 575 4072 lus,
588 4001 722 4082 quamuis
732 3999 786 4080 ipsi
798 4001 912 4064 nullum
925 4020 989 4064 esse
1002 4000 1048 4064 uix
1061 4002 1207 4082 igriorem,
1223 4020 1300 4066 con·

133 4105 260 4168 fidenter
273 4111 372 4166 tamen
387 4102 585 4165 certissimum
600 4111 632 4164 et
646 4103 838 4166 indubitabile
848 4122 914 4168 esse
925 4103 1087 4182 clamitant,
1104 4107 1301 4188 persuadent·

134 4225 192 4289 que
217 4205 307 4268 etiam
334 4203 516 4267 multitudini
542 4203 711 4286 imperitas,
739 4223 814 4286 quae
839 4222 933 4286 quum
948 4223 1107 4280 ,verume
1131 4206 1207 4271 laiso
1234 4208 1299 4291 ipsa

134 4309 305 4390 dignoscere
326 4315 469 4389 nequeat,
492 4305 589 4368 verlsis
610 4304 735 4368 istorum
756 4311 788 4368 et
801 4305 1074 4383 verberationibus,
1097 4319 1210 4392 quanto
1225 4329 1312 4375 ooo·-

134 4409 274 4474 fidentius
295 4409 497 4492 proteruntur,
518 4415 601 4472 tanto
622 4406 736 4472 lacilius
751 4417 896 4472 moretur.
927 4409 1066 4485 illectu,
1089 4421 1125 4475 ut
1138 4411 1163 4476 si
1178 4412 1300 4495 quando

134 4533 151 4580 a
166 4512 354 4580 multitudine
368 4509 514 4595 deligendi
529 4519 599 4574 sunt
613 4510 665 4594 qui
680 4510 711 4574 in
726 4511 881 4576 consilium
896 4511 933 4576 de
948 4529 981 4578 rc
995 4513 1113 4598 publica
1128 4531 1300 4582 mutesco·
