3186 4968
757 445 906 546 -ua-

247 635 352 700 saltem
380 633 491 700 doloris
514 635 653 700 solatium
678 634 823 700 babuerit.
859 635 944 711 Quod
965 643 1064 700 autem
1087 636 1275 703 normannus
1295 639 1416 724 insuper

247 741 343 813 addit,
357 739 495 820 trigidum
511 759 577 803 esso
592 738 662 802 illud
678 731 812 822 ὕστερον
825 759 841 802 ι
858 740 966 804 Creusa
981 740 1104 815 dictum,
1120 759 1223 806 vereor
1237 761 1275 804 ne
1289 741 1319 806 in
1335 744 1414 808 idem

247 845 293 908 eir
305 861 444 906 summus
459 841 561 908 uitium
578 842 727 918 inciderit,
742 842 821 924 quod
838 842 868 905 in
882 843 946 906 aliis
962 863 1023 907 uon
1038 863 1105 910 raro
1120 844 1158 908 ab
1173 845 1238 928 ipso
1252 845 1414 928 repreben-

245 967 315 1012 aum
331 945 471 1022 memini,
486 946 511 1010 si
526 947 606 1028 quis,
621 946 672 1029 qui
687 947 775 1011 cortis
789 946 970 1030 argumentis
984 965 1115 1031 pugnare
1131 947 1277 1034 nequiret,
1293 947 1329 1012 ud
1344 967 1415 1012 sen·
1446 1033 1449 1040 Ι

245 1071 315 1116 suut
335 1070 425 1116 suum
447 1047 547 1115 nescio
568 1067 658 1134 quem
680 1059 853 1134 provocaret
867 1057 897 1116 ot
911 1049 1028 1131 iriporis
1043 1061 1093 1116 aut
1110 1053 1259 1136 languoris
1275 1053 1414 1118 crimina·

247 1156 328 1219 tione
344 1155 419 1220 iacta
433 1155 505 1219 satis
520 1174 553 1218 se
568 1153 675 1219 dixisse
689 1154 832 1220 eraderet.
855 1155 914 1220 Cur
924 1163 1024 1220 autem
1037 1155 1066 1220 in
1078 1176 1130 1221 ore
1142 1157 1267 1222 Creusae
1279 1150 1416 1239 ὕστερον

244 1257 376 1341 tergeret,
391 1277 447 1322 noc
459 1259 645 1323 lieu-marmus
660 1259 735 1323 dixit
746 1276 842 1342 neque
854 1279 870 1323 a
881 1276 1032 1342 quoquam
1045 1261 1170 1344 perspici
1181 1280 1268 1343 posse
1280 1261 1415 1328 arbitror.

245 1361 380 1446 lienique
401 1371 488 1446 negat
510 1361 596 1426 rerba
611 1364 738 1428 Creusae
758 1373 838 1428 rccte
858 1365 970 1429 adnexa
990 1383 1071 1430 essa:
1092 1363 1228 1429 debuisse
1248 1364 1326 1428 enim
1347 1383 1413 1430 eam

245 1467 290 1531 sic
324 1466 424 1560 potius
453 1466 566 1530 dicere:
601 1459 623 1550 i:
651 1456 685 1550 γ’
712 1457 786 1532 oald’
813 1459 859 1532 ἔτ’
888 1457 987 1533 ἔλλιιν
1016 1462 1152 1552 ὕστερον
1175 1467 1280 1532 cieras
1308 1462 1413 1551 γόνον.

244 1571 382 1636 roootsso
396 1589 464 1636 eant
479 1570 522 1636 sic
536 1569 643 1646 dicere,
657 1579 692 1634 ut
708 1562 731 1656 rt
743 1571 903 1636 referretur
914 1573 949 1638 ad
961 1574 1113 1656 superiora
1126 1571 1222 1646 rerba,
1237 1563 1258 1658 'l
1273 1568 1414 1636 resciso

246 1667 284 1740 d'
307 1667 428 1755 datm,
451 1693 541 1740 nemo
556 1673 687 1756 negabit,
709 1673 845 1740 debuisse
859 1683 958 1741 autem
975 1677 1032 1752 sic,
1047 1677 1114 1760 quis
1129 1677 1250 1741 demum
1267 1676 1413 1742 aldomaro

244 1777 347 1845 ausiti
369 1781 464 1844 lnrmo
483 1779 508 1844 si
531 1777 669 1842 disertius
691 1779 775 1842 verba
795 1779 1031 1864 distinguuntur,
1058 1775 1119 1846 oda
1135 1769 1207 1855 oio,
1227 1779 1414 1864 aptissimum

244 1893 293 1948 est
306 1871 382 1958 ode,
398 1901 457 1965 quo
471 1883 614 1965 signiticat
628 1882 736 1945 Creusa
752 1883 889 1946 assentiri
902 1901 935 1945 se
951 1883 1031 1946 lunis
1046 1883 1156 1958 uerbis,
1172 1883 1320 1966 simulque
1335 1883 1413 1946 aliud
1477 1877 1478 1880 ’

175 1983 176 1988 ’
245 1987 327 2050 addit
348 2004 409 2067 quo
427 1984 520 2066 ιιιιιιίι
539 1983 610 2047 illud
631 2001 698 2047 sera
719 1983 830 2047 dictum
852 2004 917 2048 esse
939 1985 1060 2067 probet:
1084 1985 1214 2050 blisera
1234 2003 1321 2049 sane
1342 1995 1413 2048 est:

246 2087 331 2150 ideo
352 2105 394 2150 ue
416 2096 543 2168 postea
558 2085 705 2168 quidem
720 2085 1004 2169 aliumpepcrit,
1024 2106 1132 2170 nempe
1147 2093 1207 2152 tam
1223 2107 1290 2151 aere
1306 2089 1412 2150 misera

245 2199 303 2262 est,
319 2198 353 2252 ut
368 2207 405 2251 no
421 2189 478 2252 boc
491 2187 610 2270 quidem
626 2189 764 2252 solatium
779 2188 807 2254 ei
822 2187 987 2269 contigerit.
1020 2189 1168 2251 l‘otuisset
1181 2189 1270 2251 etiam
1287 2183 1323 2270 γέ
1335 2189 1412 2262 addi,
1429 2237 1433 2251 .

246 2309 307 2374 quu
324 2290 418 2372 magis
432 2307 481 2352 res
496 2289 693 2364 extolleretur,
709 2299 738 2352 et
751 2291 835 2355 toute
850 2281 882 2370 γ’
897 2289 975 2353 iuter
987 2279 1085 2352 ditos
1096 2299 1125 2352 et
1135 2281 1270 2372 ὕστερον
1280 2291 1413 2354 excidere
1530 2371 1532 2376 Α

246 2391 379 2478 potuisse
397 2391 587 2456 manifetum
607 2399 663 2455 est.
693 2391 760 2455 Non
779 2391 916 2476 improbo
938 2393 1027 2475 igitur
1041 2391 1225 2456 lladbamum
1240 2392 1412 2474 particulam

245 2493 440 2558 inserentem:
456 2491 650 2558 neeessariam
666 2500 765 2557 tameo
780 2513 847 2559 essa
861 2511 923 2558 uon
939 2503 1020 2576 puto.
1047 2494 1194 2558 Adversus
1210 2493 1413 2557 ilcrmaonum

244 2601 345 2660 autem
360 2597 449 2660 etiam
465 2597 523 2660 boc
536 2595 662 2660 lortasse
677 2604 851 2678 argumento
867 2595 910 2660 uti
925 2594 1036 2668 licebit,
1053 2593 1148 2675 quod,
1163 2593 1188 2657 si
1204 2613 1306 2659 versus
1322 2596 1365 2660 sic
1379 2607 1414 2660 ut

118 2739 123 2748 ·
245 2698 292 2762 ille
304 2697 395 2761 uoluit
405 2707 645 2780 transponantur,
656 2697 775 2772 Creusa,
789 2689 828 2762 od
838 2699 979 2764 asserico
991 2688 1020 2760 d'
1032 2686 1140 2761 ἀθλία
1149 2696 1259 2772 dicens,
1272 2697 1415 2761 ridebitur

246 2799 412 2884 Apollinem
439 2800 617 2865 nouaclum
638 2810 761 2885 propter
781 2801 865 2886 pueri
885 2801 1053 2872 interitum,
1077 2799 1129 2863 sed
1150 2799 1237 2862 cuum
1258 2807 1414 2884 propterea

245 2921 393 2976 oausam,
409 2903 487 2986 quod
502 2903 550 2968 illa
565 2904 659 2968 amica
671 2921 726 2968 sua
737 2922 775 2968 ue
787 2913 890 2987 postea
902 2905 1020 2988 quidem
1034 2903 1197 2984 pepererit:
1213 2903 1299 2985 quasi
1309 2904 1414 2987 bpollo

245 3007 334 3071 eliam
354 3006 514 3071 lertilitatis
533 3015 585 3070 aut
603 3007 768 3071 sterilitatis
790 3006 948 3072 mulierum
964 3015 1068 3070 auctor
1082 3011 1111 3069 et
1126 3005 1312 3089 dispeusator
1326 3015 1412 3080 esset,

246 3108 326 3192 quod
341 3127 451 3174 munus
465 3109 503 3176 ab
517 3109 581 3172 eius
596 3109 718 3174 numine
733 3109 862 3174 obertum
878 3129 944 3172 esse
959 3107 1097 3191 equidem
1113 3109 1210 3172 ueto.
1238 3107 1320 3182 Quae
1334 3109 1412 3173 euim

155 3263 157 3269 ,
193 3211 196 3218 ’
247 3231 302 3298 pro
319 3213 466 3278 contraria
481 3211 629 3276 sententia
643 3211 749 3295 aliquis
764 3215 851 3276 aliero
866 3209 971 3295 possit,
987 3211 1059 3275 baec
1073 3230 1134 3294 quo
1146 3209 1236 3274 niodo
1248 3210 1415 3293 accipienda

247 3317 411 3392 rideantur,
426 3315 456 3379 iu
470 3315 589 3380 scholiis
603 3313 640 3378 ud
654 3334 681 3378 v.
699 3314 759 3378 437
772 3323 822 3378 aut
834 3313 894 3379 tat
907 3312 1013 3379 diceus.
1037 3313 1123 3378 Nunc
1133 3312 1251 3395 quidem
1264 3313 1414 3396 vulgatum

248 3437 388 3484 sonuum
404 3419 538 3484 ordinem
555 3417 627 3483 tatis
642 3417 808 3482 delendisse
823 3417 970 3492 rideorll.

334 3522 419 3586 Subit
440 3541 508 3586 mua
528 3521 607 3586 louis
627 3521 760 3587 animum
782 3520 854 3584 baec
872 3519 1025 3601 cogitatio,
1049 3519 1148 3583 miuus
1169 3527 1270 3582 umen
1290 3518 1415 3584 lortame

247 3623 383 3708 iniquum
404 3623 569 3707 Apollinem
592 3623 684 3689 luisse
699 3641 790 3706 quam
811 3623 937 3688 Creusae
953 3622 1093 3688 rideatur.
1123 3621 1233 3698 Quid,
1256 3621 1369 3704 inquit,
1384 3619 1415 3686 si

247 3745 405 3812 puerum
425 3745 498 3792 uou
518 3726 641 3810 perire
664 3725 812 3801 siverit,
830 3726 895 3792 sed
920 3727 1131 3791 seruaverit
1148 3735 1184 3790 et
1205 3725 1243 3790 in
1264 3723 1414 3789 occultu

246 3827 613 3914 educassent-tlt,
635 3829 753 3914 reponit
768 3831 893 3904 Creusa,
912 3830 969 3894 sic
987 3847 1134 3914 quoque
1156 3828 1318 3893 iniustus
1339 3818 1412 3892 uici

245 3932 357 3997 debat
372 3951 399 3996 r.
415 3930 492 3998 ³72:
706 3998 710 4004 ,

467 4029 511 4099 ad
533 4028 629 4100 socru
649 4024 774 4121 χαίρων
797 4027 835 4100 os’·
857 4029 978 4100 δίκαια
1001 4030 1064 4122 δρᾷ
1085 4027 1195 4116 μόνος,
1315 4107 1316 4112 1

247 4137 364 4204 beri
382 4137 571 4205 communi
590 4137 726 4223 gaudio
745 4139 849 4205 solus
870 4139 1081 4225 perfruitur
1100 4155 1172 4204 uon
1186 4145 1292 4202 recte
1306 4137 1412 4202 iacit.

251 4247 349 4356 *lt*
358 4254 445 4361 Nuper
456 4291 532 4345 etia·
543 4291 647 4357 lisllias,
658 4289 774 4346 Graecas
787 4309 836 4345 aas
848 4293 974 4358 lsdoetas,
986 4291 1012 4344 la
1023 4289 1165 4344 l’blllstore
1176 4287 1186 4344 l
1198 4304 1222 4356 p.
1234 4289 1296 4354 tut,
1307 4289 1411 4343 usian

248 4393 322 4447 aas·
327 4377 482 4432 lierusm
490 4377 714 4447 truspssitisseu
724 4392 843 4433 rarsau
848 4377 1041 4446 mundarit,
1045 4391 1154 4432 ιιιιιιι
1161 4383 1247 4430 tonsa
1256 4369 1273 4442 i
1282 4373 1412 4441 πιοῦσι,

248 4477 322 4534 pas·
332 4459 363 4516 ll.
375 4456 410 4518 οδ
421 4459 542 4518 rusie·
553 4460 641 4518 satiat.
