3186 4958
650 481 801 580 Aa„

138 674 191 738 aed
207 674 245 739 ita
261 675 392 738 locutum
408 693 474 738 esso
489 673 546 748 aio,
562 681 597 736 ut
610 673 647 736 de
662 671 808 735 sententia
823 671 886 734 eius
901 670 1024 744 anullo,
1040 670 1224 754 quiquidem
1239 689 1308 732 om·

140 793 209 839 nem
223 777 299 842 illius
311 779 366 842 loci
378 787 550 842 contextum
563 777 710 861 respiciat,
724 775 815 839 errari
827 795 914 858 posse
925 775 1065 838 violentur.
1089 779 1217 857 Apparet
1227 773 1307 836 enim
1406 805 1410 812 ·

140 877 343 960 liquidissime,
358 899 418 962 quo
432 899 523 942 sensu
540 880 610 942 illud
625 877 829 942 adiiciendi
845 878 966 940 verbum
979 887 1117 960 usurpet:
1133 897 1241 960 nempe
1255 877 1308 948 sie,

140 988 174 1044 ul
189 983 316 1045 adiectas
328 1003 378 1047 eas
394 993 490 1066 partes
500 983 642 1046 orationis
653 1003 718 1044 esso
730 981 816 1054 dicat,
832 1000 908 1062 quae
919 991 1088 1044 constarent
1100 981 1308 1044 vocabulorum

141 1085 299 1165 generibus
325 1091 410 1148 antea
434 1104 502 1148 curn
524 1084 588 1148 aliis
608 1083 750 1156 conlusio,
776 1083 914 1164 aquibus
929 1103 1022 1166 quum
1038 1085 1310 1148 discriminarentur

142 1205 291 1270 suumque
312 1187 343 1250 in
362 1187 496 1270 partibus
515 1187 659 1252 orationis
675 1186 774 1250 locum
788 1187 944 1268 sirpiaratim
960 1187 1135 1269 acciperent,
1151 1205 1308 1250 numerum

141 1291 280 1371 partium,
296 1309 371 1354 nova
386 1291 441 1355 lrac
455 1299 537 1372 parte
552 1291 672 1362 adiecta,
689 1289 788 1371 augeri
800 1307 920 1354 necesse
936 1291 1001 1354 luit.
1029 1292 1078 1354 sic
1092 1289 1309 1355 coniunctioni·

142 1393 198 1456 bus
217 1393 347 1456 adiectos
367 1395 508 1458 articulos
522 1393 602 1467 dicit,
623 1392 795 1475 querellae,
817 1393 919 1455 itidem
935 1401 968 1456 ut
983 1394 1226 1476 praepositiones,
1241 1411 1309 1456 cunt

144 1497 400 1560 coniunctionibus
425 1517 487 1561 uno
508 1489 697 1576 σι·νδε’σμιον
723 1495 842 1558 nomine
864 1497 1097 1578 comprehensos
1116 1509 1147 1560 et
1162 1496 1192 1559 in
1207 1496 1309 1558 eadent
1376 1489 1378 1494 ’

142 1609 226 1683 parte
246 1601 388 1664 orationis
410 1609 583 1664 numeratos
606 1599 699 1662 luisse
720 1605 845 1674 σοιιειοι,
871 1601 956 1664 cuius
971 1619 1064 1664 uuum
1079 1620 1173 1684 genus
1187 1589 1311 1680 ἄρθρα.

144 1704 269 1768 alterum
298 1700 500 1788 repolleromi
527 1697 718 1786 σύνδεσμοι,
747 1705 867 1768 tertium
893 1699 1072 1784 σύνδεσμοι
1099 1705 1218 1787 proprio
1243 1703 1311 1766 dicti

143 1819 251 1872 essent.
272 1809 346 1872 ltem
362 1808 528 1874 nominant
543 1807 753 1890 appellationes
768 1807 798 1870 in
814 1827 871 1872 una
883 1818 966 1890 parte
979 1807 1076 1872 ltaldlo
1088 1828 1151 1872 esso
1164 1808 1311 1882 novimus,

144 1910 239 1974 donec
252 1929 270 1973 a
284 1911 446 1994 Chrysippo
465 1912 496 1974 in
516 1910 590 1974 duas
605 1911 805 1973 dividerentur
815 1915 855 1988 ²),
876 1929 950 1992 quae
965 1909 1069 1974 divisio
1083 1931 1099 1974 a
1114 1912 1312 1994 granrmatieis

144 2013 264 2094 quidem
278 2015 424 2096 plerisque
436 2013 587 2097 repudiata
599 2023 653 2075 est.
674 2011 734 2075 Nec
745 2013 781 2074 do
796 2013 1020 2094 pronominibus
1030 2020 1060 2076 el
1072 2014 1230 2095 participiis
1242 2014 1312 2076 olim

144 2113 295 2178 inuadunt
316 2133 385 2177 cum
406 2113 577 2177 nominibus
598 2125 680 2196 parto
701 2115 864 2177 rvuvnevmis
886 2115 1011 2177 dubitari
1028 2125 1133 2197 potest.
1163 2115 1315 2196 sicigitur

145 2215 344 2290 Quintilianus
359 2235 453 2298 quum
470 2215 567 2277 verlvis
582 2215 717 2278 adverbia
733 2215 844 2277 adiecta
856 2215 937 2287 dicit,
954 2215 1025 2276 nillil
1040 2217 1118 2278 aliud
1130 2217 1210 2288 dicit,
1225 2235 1313 2296 quarn

146 2335 208 2380 non
223 2317 360 2397 anplius,
376 2327 410 2380 ut
425 2317 507 2388 olim,
524 2315 619 2378 verbis
630 2326 851 2388 contrumevata,
867 2316 919 2377 red
933 2325 1072 2397 tanquam
1086 2319 1234 2399 propriam
1248 2334 1315 2398 par·

146 2427 205 2479 turn
221 2419 332 2481 adiecta
347 2437 423 2480 csse.
453 2417 517 2478 lloc
537 2416 615 2480 idem
636 2417 726 2479 etiam
744 2415 898 2498 llionpsius
914 2418 977 2480 llal.
993 2430 1150 2490 rttetnoral,
1167 2419 1203 2480 de
1218 2438 1315 2499 corrtp.

150 2519 226 2582 verb.
242 2539 268 2582 c
285 2521 321 2582 2:
348 2537 437 2600 quem
458 2518 556 2582 locum
579 2519 630 2602 qui
650 2539 718 2581 cum
734 2520 915 2592 Quintiliano
938 2522 1161 2602 comparaverit,
1183 2521 1316 2584 dubitare

147 2622 194 2684 vin
208 2621 326 2704 poterit,
343 2621 415 2704 quin
429 2621 467 2684 alr
482 2622 540 2684 lroc
554 2631 714 2702 usurpatus
728 2631 759 2684 et
775 2623 992 2704 propemodum
1007 2642 1167 2687 conversus
1182 2623 1221 2686 vit
1231 2626 1270 2702 ³).

120 2793 124 2801 ,
233 2723 422 2786 lluuilesturn
449 2733 496 2787 est
522 2723 610 2803 igilur
625 2723 797 2798 Quintiliani
822 2733 853 2786 et
875 2724 1003 2806 ulum-sii
1019 2725 1199 2798 testimonio,
1225 2726 1317 2787 luisse

149 2825 220 2888 olim
236 2827 286 2906 qui
301 2825 437 2888 adverbia
452 2825 483 2887 in
498 2825 601 2888 eadent
617 2845 686 2888 cum
703 2825 798 2888 vorlvis
814 2834 896 2907 parte
913 2826 1054 2889 orationis
1070 2837 1224 2908 pitina-runt,
1241 2845 1318 2888 uno·

149 2945 206 3008 quc
223 2922 377 3010 ῥημάτιον
392 2927 513 2988 nomine
529 2935 690 3008 utrumque
703 2947 796 3009 genus
811 2929 1106 3009 comprehenderent,
1125 2927 1318 3010 eiusdemque

148 3027 192 3089 rei
206 3035 313 3090 testem
335 3046 405 3090 mox
425 3027 513 3090 etiam
531 3027 714 3090 l'rircianutn
732 3029 941 3110 producemus,
961 3049 1141 3111 quamquam
1158 3049 1218 3092 non
1234 3031 1318 3112 plano

149 3145 218 3190 cum
245 3127 300 3192 illis
325 3128 554 3210 conspirantem,
581 3129 644 3202 sed,
670 3139 705 3192 ut
723 3130 860 3204 arbitror,
887 3131 1041 3194 veriorem.
1071 3133 1199 3206 Quinum
1219 3142 1318 3194 autem

150 3228 237 3311 primi
258 3230 295 3292 ab
314 3231 371 3293 hac
392 3230 507 3294 rationo
527 3229 704 3294 desciverint
722 3233 937 3315 propriumque
957 3241 988 3296 et
1009 3233 1137 3297 averbis
1151 3240 1320 3316 separatum

220 3377 246 3442 2)
267 3376 351 3432 caus·
369 3381 500 3433 dividendi
512 3381 656 3450 Chrysippo
669 3380 717 3435 l'ult
729 3385 873 3436 Stoicarum
886 3385 917 3436 dc
931 3385 1074 3438 traturali
1088 3385 1268 3438 vocabulorum
1284 3385 1321 3438 ai·

151 3462 313 3526 guillertioao
330 3466 471 3517 sentcntiae
488 3482 544 3518 ιιιινε
562 3467 687 3520 aomina
704 3470 835 3536 propria
849 3465 995 3542 receptivae
1009 3471 1053 3522 οεδ
1071 3472 1149 3524 arae·
1163 3471 1280 3539 inperita
1291 3472 1323 3523 ab

151 3546 295 3599 horninibus
306 3564 363 3600 σετσ
377 3547 545 3615 intelligelvat.

222 3631 248 3694 a)
266 3633 322 3697 Quo
344 3634 498 3686 commodior
521 3635 677 3700 comparatio
701 3637 757 3688 lieri
779 3639 860 3705 pondi
885 3639 938 3704 ipsa
956 3639 1072 3708 llio-prii
1091 3642 1167 3692 vrrlva
1184 3641 1323 3710 adscripsir

160 3711 255 3767 Tui-ru
271 3713 302 3767 δέ
321 3713 364 3778 (ui
383 3721 510 3785 στοιχεῖα
522 3716 570 3783 τῆς
581 3717 678 3778 leram
690 3735 712 3772 r.
726 3715 760 3773 τὰ
776 3721 823 3772 rori
835 3717 924 3790 laipno
933 3719 1032 3794 μύρετο)
1048 3724 1201 3790 Θεοδέκτης
1210 3725 1266 3795 μέν
1275 3725 1323 3778 sat

160 3794 350 3866 Ἀριστοτέλης
365 3801 411 3852 tml
429 3801 457 3852 ol
473 3797 532 3854 τοτ’
550 3799 672 3859 tretecor
688 3802 936 3875 φιλοσοφήσαντες
948 3804 1013 3866 rode
1024 3803 1149 3877 χρόνους
1159 3801 1224 3879 ἄχρι
1239 3809 1324 3880 τρινῖν

154 3879 334 3954 προήγαγον,
356 3878 483 3955 deripere
504 3886 550 3938 ιιιδ
574 3881 685 3957 deiparat
701 3889 748 3941 νεεδ
765 3890 944 3960 συνδέσμους
961 3895 1058 3961 repeirri
1074 3894 1148 3966 μέρη
1165 3895 1219 3947 rori
1235 3891 1324 3965 loiron

154 3971 312 4030 ττοιοδντες.
332 3969 369 4024 Ol
380 3967 412 4024 δέ
423 3967 485 4040 μετ’
497 3967 599 4030 adroic
610 3967 758 4042 perciperem
769 3976 815 4028 aad
824 3973 950 4046 peilam
958 3979 988 4029 ol
998 3977 1045 4044 mir
1053 3980 1180 4040 Στοιῒενῖς
1188 3980 1325 4051 αἱρέσεις

153 4049 289 4124 ἡγεμόνες
300 4051 351 4113 ἴοις
359 4053 497 4128 τεττάρων
508 4059 713 4126 ντρουρέβοσοιν,
721 4063 896 4129 χωρίσαντες
907 4057 968 4114 διεδ
982 4065 1038 4117 τοῖν
1049 4063 1220 4132 συνδέσμων
1231 4062 1265 4118 rei
1274 4061 1326 4137 rip·

154 4143 222 4210 δρα.
240 4136 307 4192 nta'
319 4139 348 4192 el
357 4142 591 4214 praeposteratio
604 4139 638 4194 ari
651 4143 850 4214 προσηγοριεδ
862 4143 1003 4207 διελόντες
1011 4146 1073 4202 rinei
1082 4153 1138 4203 τοῖν
1147 4145 1327 4223 δνομοιτιτειίν

156 4226 238 4278 πέντε
255 4219 441 4295 detersivum
458 4223 492 4280 ιδ
506 4229 606 4298 ττριδττι
624 4229 706 4298 μέρη.
725 4223 832 4300 Ἕτερον
851 4229 881 4284 δέ
895 4233 942 4284 νεεδ
956 4231 1005 4292 τὰς
1016 4231 1327 4306 δντοιννμέετςιὶτιοζτῦ-

156 4312 251 4372 {never
274 4306 334 4364 rimi
353 4309 409 4366 τιδν
425 4309 575 4383 drapum
591 4311 672 4367 ἔνετοι·
690 4321 835 4385 στοιχεῖον
850 4318 933 4371 τοῦτο
950 4317 1100 4386 ε’ττοιόσον.
1126 4323 1163 4378 Ol
1179 4321 1211 4378 ul
1227 4325 1275 4376 sat
1291 4321 1326 4378 tri

156 4389 335 4468 inrppn'pmau
347 4393 456 4450 dorileu
466 4391 526 4452 τἰττδ
539 4399 595 4452 vair
604 4395 738 4471 ῥημάτιον
746 4401 792 4453 τοι
802 4399 852 4462 τὰς
862 4403 1016 4473 προθέσεις
1024 4401 1084 4460 dard
1093 4407 1151 4463 uir
1159 4405 1329 4480 συνδέσμων

156 4481 203 4531 aad
217 4475 265 4538 τὰς
275 4475 400 4550 μετοχὰς
411 4475 471 4535 διεδ
485 4483 542 4537 τοῖν
553 4487 782 4557 τιροσργοριεοιϊΙ
