3182 4962
543 1211 603 1306 DE
635 1209 814 1308 EPICURI
846 1212 1114 1310 lutoldum.

244 1463 286 1547 Iu
303 1481 420 1564 Epicuri
440 1481 561 1564 epistola
582 1480 618 1544 ad
641 1480 847 1556 lienoeceum,
869 1501 944 1566 quoe
965 1483 1040 1548 benc
1059 1482 1205 1566 beateque
1224 1483 1339 1547 vivendi
1364 1503 1413 1547 ra·

244 1587 356 1650 tionem
372 1587 452 1649 used
468 1591 692 1670 praeceptorum
708 1605 825 1649 summa
841 1587 1087 1670 comprehensam
1104 1587 1262 1671 proponit,
1283 1587 1413 1671 primum

246 1701 436 1774 praeceptum
452 1699 498 1753 est
512 1690 548 1754 dc
564 1708 633 1753 roro
649 1690 758 1772 pietate
779 1689 920 1754 adsersus
941 1690 1024 1754 deos.
1059 1691 1138 1756 ilaec
1157 1713 1193 1755 eo
1214 1697 1350 1756 constare
1369 1693 1415 1755 di·

246 1795 331 1866 citur,
347 1803 382 1857 ut
397 1803 426 1856 et
442 1813 521 1858 esse
535 1794 566 1864 ¹di
581 1794 741 1858 credantur
755 1802 784 1856 et
799 1795 856 1857 vita
872 1795 930 1859 irui
946 1795 1105 1858 immortali
1120 1803 1209 1877 utque
1225 1795 1324 1870 beate,
1339 1796 1417 1859 sicut
1446 1863 1452 1874 ,

246 1896 415 1962 cummunis
435 1897 513 1978 apud
533 1915 636 1960 omnes
663 1901 879 1981 pervulgatoque
907 1897 1030 1960 deorum
1058 1896 1142 1960 notio
1167 1897 1257 1972 ierat,
1283 1907 1419 1962 arceatur

246 2010 347 2064 autem
363 2009 394 2062 et
409 2008 598 2061 removeatur
612 1998 751 2080 quicquid
767 2009 818 2061 aut
833 1999 1047 2062 immortalitati
1058 2008 1109 2062 aut
1123 1998 1296 2063 beatitudini
1311 2001 1418 2064 adver-

247 2115 339 2179 setur,
355 2101 519 2166 cuiusmodi
536 2103 662 2184 plurima
678 2103 708 2165 iu
724 2102 857 2187 populari
874 2103 1013 2184 religiono
1027 2111 1245 2186 poetarumque
1260 2103 1365 2167 iabulis
1386 2103 1418 2166 iu

249 2208 321 2272 deos
335 2205 558 2270 transieramus.
584 2204 711 2286 implum
728 2205 815 2287 igitur
829 2224 894 2268 esse
909 2223 969 2268 uon
985 2205 1036 2286 qui
1051 2205 1221 2270 huiusmodi
1237 2207 1309 2270 deos
1320 2225 1417 2289 popu·

248 2311 323 2374 lares
338 2320 369 2374 et
384 2307 535 2372 fabulosos
549 2317 679 2389 respuat,
695 2308 747 2372 sed
765 2308 815 2390 qui
832 2307 908 2390 uulgi
928 2307 1120 2393 opinionibus
1141 2317 1253 2372 temere
1272 2309 1417 2373 assentia-

249 2423 313 2476 tur:
328 2431 426 2494 neque
447 2411 526 2473 euim
548 2405 739 2494 προλήψεις
762 2412 815 2474 has
829 2412 967 2475 dicendos
982 2431 1063 2484 esse,
1084 2412 1114 2474 lr.
1129 2431 1156 2474 e.
1179 2413 1318 2476 notiones
1333 2432 1418 2476 veras

249 2516 369 2599 ipsaque
384 2524 488 2578 natura
505 2514 580 2576 duce
602 2511 633 2576 iu
656 2512 810 2576 homiuum
827 2515 932 2577 animis
947 2515 1134 2586 informatas,
1154 2515 1207 2578 sed
1227 2507 1420 2599 ὑπολήψεις

250 2625 374 2691 mutum,
391 2619 420 2680 lt.
436 2637 463 2679 e.
478 2615 662 2700 opinationes
678 2633 765 2678 uanas
780 2625 870 2699 atquo
885 2617 1107 2680 commenticias
1122 2635 1222 2680 erroro
1237 2617 1337 2682 iudicii
1352 2633 1420 2680 sus·

251 2731 350 2804 copus
364 2721 497 2802 adeoque
517 2719 606 2782 etiam
627 2736 695 2781 cum
715 2719 867 2782 communi
888 2719 1010 2783 uotiono
1031 2719 1157 2783 deorum
1178 2731 1356 2803 pugnantes,
1376 2727 1421 2793 ut,

251 2825 302 2908 qui
323 2843 371 2888 eas
390 2823 589 2907 susceperint,
613 2839 716 2884 seeum
737 2821 793 2904 ipsi
812 2839 943 2904 pugnero
962 2821 1079 2884 dicendi
1093 2823 1171 2895 siut,
1192 2823 1301 2905 quippe
1317 2840 1421 2904 quum,

252 2929 354 3012 quales
369 2947 405 2990 ex
422 2925 573 2989 cummuni
590 2925 710 2989 notione
725 2927 798 2989 deos
810 2945 875 2989 osse
888 2927 1091 3009 profiteantur,
1106 2927 1180 2989 tales
1192 2925 1421 3009 haudquaquam

251 3041 351 3096 tomen
366 3031 554 3108 retius-aovi.

325 3201 347 3264 1)
366 3199 451 3254 Verba
469 3199 573 3269 Epicuri
589 3199 654 3267 apud
668 3200 804 3266 liiopeucm
818 3199 847 3254 is.
859 3199 894 3264 X,
913 3199 961 3252 123
973 3201 1012 3252 sic
1024 3199 1120 3266 scripta
1132 3207 1204 3252 ιιιιιιι
1226 3200 1305 3258 olous
1320 3196 1423 3260 αὐτοὺς

255 3290 289 3352 (l.
301 3303 323 3341 c.
341 3286 406 3347 τοὺς
423 3285 516 3350 deciri
535 3287 564 3340 oi
581 3287 682 3338 nollo)
696 3288 870 3355 νομίζουσιν,
887 3282 938 3339 oris
950 3287 1035 3339 ιίυίν·
1054 3281 1088 3338 ori
1101 3285 1156 3358 peip
1169 3285 1361 3358 φυλάττουσιν
1373 3282 1422 3340 αὗ-

255 3373 320 3434 τούς
331 3375 410 3432 oi'uor
421 3373 595 3440 νομίζουσιν.
619 3372 662 3425 scri
675 3373 791 3439 quamvis
805 3371 962 3440 ueplipeutcs·
975 3373 1111 3442 llpicurun
1124 3373 1237 3426 scribere
1249 3371 1353 3427 solitum
1365 3389 1423 3427 esso

255 3479 304 3514 uos
322 3461 395 3514 asuelo
412 3470 526 3513 vetorum
543 3459 695 3512 testimoniis
713 3461 845 3512 credamus
862 3460 907 3511 sed
925 3459 1002 3512 etiam
1014 3475 1047 3512 cx
1061 3459 1139 3526 ipsius
1152 3459 1292 3527 opusculis,
1304 3476 1368 3528 quac
1379 3476 1424 3512 ae·

255 3555 332 3599 tatem
350 3547 478 3610 tulerunt,
496 3546 675 3612 intelligamus,
693 3545 736 3597 vis
755 3553 837 3598 taraco
856 3553 952 3597 tautam
965 3545 1020 3598 sius
1033 3546 1156 3599 incuriam
1169 3545 1248 3599 luisse
1260 3547 1383 3612 arbitror,
1395 3554 1424 3600 ut

256 3650 304 3685 ιοιι
318 3631 481 3698 intelligeret,
498 3647 570 3700 ριιιιιι
589 3646 736 3698 perversum
749 3639 819 3684 essct
830 3632 894 3684 idem
907 3633 1013 3683 vcrlsum
1027 3633 1153 3700 νομίζειν
1165 3633 1189 3684 irs
1201 3635 1289 3685 coelem
1303 3641 1425 3686 contestu

256 3720 361 3790 primun
382 3721 413 3770 rie
425 3718 496 3785 vulpi
512 3717 657 3784 opininioee
670 3716 735 3770 ialsa
747 3727 774 3770 ct
786 3719 940 3784 reiectanea,
953 3735 1009 3771 asos
1023 3725 1107 3770 autern
1118 3719 1149 3772 tio
1161 3733 1224 3772 vcra
1237 3719 1349 3782 notione,
1361 3733 1425 3786 puao

256 3806 341 3860 tcaeri
361 3805 491 3870 debuerit,
511 3811 668 3871 usurpatum.
690 3805 831 3872 Scripsisse
844 3821 899 3858 eum
912 3807 1037 3873 suspicor,
1060 3804 1094 3857 ori
1106 3804 1160 3875 γὰρ
1173 3801 1366 3875 φυλάττουσιν
1377 3799 1426 3856 ori·

256 3891 321 3952 scir
341 3892 418 3951 olous
437 3887 590 3960 ὁρίζουσιν.
618 3891 671 3943 lloc
688 3892 764 3958 celtu,
781 3889 892 3962 ὁρίζειν,
909 3892 1004 3945 dieitur
1020 3893 1051 3944 do
1068 3892 1114 3957 iis,
1131 3891 1174 3961 qui
1185 3889 1281 3960 aliquid
1293 3907 1340 3958 pro
1352 3898 1426 3944 certo

257 3986 374 4031 statuuat
389 3986 417 4031 ct
432 3977 595 4045 eloquuntur,
617 3979 810 4048 υροιρίρουιιιι
823 3976 894 4050 perri
909 3980 1153 4050 arpennorum,
1172 3986 1202 4031 ut
1213 3979 1249 4031 sit
1261 3977 1356 4031 ὃιιιιιιι
1368 3977 1428 4030 Em·

257 4065 354 4134 pirices
367 4063 492 4136 Pyrrhus.
512 4065 600 4135 ippot.
615 4063 632 4131 l,
647 4065 705 4117 llll.
730 4063 783 4118 Neo
802 4065 904 4117 aliunde
925 4067 1026 4118 ductum
1046 4074 1087 4118 est
1109 4080 1198 4118 nomeu
1216 4065 1264 4130 ιιῖς
1284 4061 1428 4134 ὁρισιιιυῖς

259 4147 415 4220 ι’γιυῑίιιιιις,
427 4167 476 4218 quo
489 4151 588 4202 sossius
600 4149 672 4202 verli
689 4151 777 4202 modus
790 4151 945 4203 indicativus
957 4169 972 4204 a
985 4153 1156 4219 grammaticis
1168 4151 1321 4219 appellatur.
1347 4148 1428 4217 Apol·

259 4233 344 4288 iosias
359 4235 472 4303 quidem,
492 4236 523 4288 do
540 4246 638 4290 constr.
651 4237 690 4303 lll,
705 4237 746 4302 iil,
758 4252 782 4304 p.
794 4236 854 4298 ili,
867 4239 883 4290 5
904 4239 981 4291 aredii
992 4237 1071 4292 iorma
1084 4241 1177 4292 utitur:
1198 4235 1247 4290 sisoi
1260 4236 1316 4308 γὰρ
1329 4233 1429 4303 ταύτης

261 4319 319 4405 (τῆς
339 4319 495 4390 irridetur)
514 4313 745 4394 ἆιιοριιινόμινοι
763 4319 934 4394 ὀριζόμιθιι,
954 4332 982 4378 ct
993 4341 1016 4378 c.
1029 4327 1055 4392 u,
1068 4343 1090 4395 p.
1103 4325 1163 4392 207,
1176 4326 1209 4378 2³
1226 4320 1347 4398 γράφεις
1364 4323 1428 4374 lases

176 4423 182 4430 ·
261 4406 407 4474 siniit-arc
427 4409 463 4462 alt
482 4415 558 4474 atque
574 4403 708 4480 ὁρίζομαί
724 4423 755 4464 os
774 4405 905 4480 γρόριιυ,
926 4425 1001 4479 qaum
1018 4413 1082 4479 apud
1100 4411 1261 4481 philosopus·
1272 4410 1336 4464 irasc
1348 4405 1430 4463 tom
