3182 4962
748 411 900 512 jos—

242 607 454 678 aristocratiaro
469 622 569 668 reram
584 610 615 666 et
629 601 751 666 nomine
766 620 821 666 suo
837 601 972 684 dignam,
999 601 1028 666 id
1051 601 1172 684 quidem
1191 602 1265 666 adeo
1285 601 1412 668 manile·

241 725 322 778 stum
333 719 388 786 est,
403 708 533 774 utetiam
544 707 625 789 ipsos
637 704 702 768 illos
718 723 892 788 progressus
904 706 1082 780 laudatores,
1097 705 1123 768 si
1139 706 1204 789 quis
1218 707 1348 790 penitius
1364 709 1411 771 in-

241 817 363 902 spiciat,
379 831 440 877 non
455 814 491 877 ad
507 807 734 883 democratiam,
754 809 807 872 sod
822 809 859 872 ad
874 809 1087 874 aristocratiam
1103 810 1201 891 potius
1215 819 1349 895 spectare
1364 810 1412 872 in-

241 920 361 1001 telligat.
406 917 552 980 Nimirum
568 913 612 976 sic
626 932 658 976 se
673 931 721 978 res
735 912 841 976 habet:
859 913 989 996 optimos
1010 911 1171 977 incivitate
1187 923 1218 978 ct
1229 913 1413 996 sapientissi—
1505 965 1507 970 ,

242 1044 309 1088 mos
324 1033 419 1087 seruet
433 1021 514 1106 ipsos
528 1039 593 1083 esse
609 1017 755 1092 iudicant,
777 1017 828 1082 sed
851 1018 993 1101 quioniam
1010 1016 1040 1080 in
1054 1017 1110 1081 bac
1125 1035 1200 1101 quae
1216 1036 1296 1083 nunc
1310 1029 1356 1082 est
1370 1018 1414 1084 rei

243 1127 375 1212 publicae
391 1123 601 1190 constitutione
616 1141 677 1186 non
693 1128 792 1186 tarrren
806 1123 862 1187 sibi
877 1123 928 1188 scd
943 1121 1017 1196 aliis,
1033 1140 1108 1204 quos
1123 1123 1231 1186 virtute
1245 1143 1280 1188 ac
1295 1123 1414 1207 sapien-

244 1233 285 1299 lia
311 1231 389 1297 lraud
405 1247 552 1314 (posquam
568 1228 623 1292 sibi
639 1247 724 1312 pares
738 1247 803 1292 osse
818 1237 955 1302 censent,
970 1227 1167 1311 gubernacula
1188 1227 1330 1310 permissa
1349 1247 1414 1291 esse

242 1337 360 1414 rident,
376 1335 484 1400 mutari
499 1353 566 1398 carn
581 1333 716 1416 cupiant,
733 1351 794 1415 quo
809 1332 924 1398 facilior
937 1333 992 1397 sibi
1008 1333 1105 1396 allitus
1121 1333 1171 1396 bat
1185 1333 1221 1396 ad
1245 1333 1343 1398 locum
1368 1331 1414 1396 di·

244 1441 364 1526 gnitatis
378 1461 449 1504 suae
464 1438 675 1512 obtinendum,
699 1437 778 1520 quod
795 1457 856 1520 quu
867 1457 896 1500 m
909 1438 971 1501 lieri
986 1437 1064 1502 baud
1081 1457 1169 1520 posse
1185 1437 1346 1519 intelligant
1360 1435 1418 1500 nisi

245 1545 405 1610 summotis
420 1543 470 1618 iis,
495 1543 544 1626 qui
560 1541 656 1606 adbuc
669 1541 712 1604 rei
727 1542 860 1627 publicae
875 1543 1081 1625 praesuirunt,
1101 1541 1295 1604 submovendi
1315 1549 1416 1604 autern

246 1650 356 1714 nullam
379 1649 534 1712 certiorem
556 1645 703 1709 rationem
723 1665 790 1708 esse
814 1645 946 1728 quamsi
967 1647 1132 1731 popellum,
1153 1643 1231 1730 apud
1251 1663 1341 1726 quem
1362 1643 1417 1726 ipsi

247 1754 354 1826 valent,
369 1753 512 1814 ads-orsus
525 1769 577 1814 eos
593 1750 751 1822 concitent,
768 1749 837 1812 lrioc
851 1750 893 1822 lit,
908 1755 942 1812 ut
957 1749 1108 1834 popularis
1123 1769 1155 1811 se
1165 1749 1280 1831 imperii
1295 1748 1418 1831 cupidos

247 1877 313 1920 esse
329 1856 539 1938 proliteantur,
561 1871 620 1916 non
636 1871 696 1935 quo
715 1851 773 1936 ipsi
788 1853 899 1934 populo
915 1853 1035 1915 obedire
1051 1852 1185 1934 cupiant,
1204 1852 1256 1914 sed
1278 1851 1346 1932 quia
1362 1869 1418 1934 po-

248 1959 351 2043 pulum
371 1957 427 2020 sibi
449 1957 568 2019 obedire
590 1957 690 2019 rident
711 1974 859 2040 porroque
880 1955 1069 2020 obediturum
1085 1975 1150 2018 esse
1165 1960 1295 2037 sperant.
1341 1954 1419 2018 llaec

249 2073 349 2126 autom
364 2081 433 2143 spes
447 2079 535 2141 quam
552 2059 637 2122 lallax
657 2059 711 2133 sit,
730 2077 768 2120 ne
789 2059 844 2122 alia
863 2079 900 2122 ex
920 2059 1043 2122 historia
1063 2057 1198 2139 exempla
1218 2059 1353 2132 aderam,
1373 2056 1419 2120 rel

250 2166 320 2230 illud
336 2165 442 2228 elocero
457 2170 568 2246 potest,
584 2163 663 2244 quod
679 2162 710 2226 in
725 2172 827 2225 nostra
841 2181 873 2226 re
888 2161 1004 2244 publiea
1019 2180 1129 2244 paucos
1143 2161 1250 2223 abbioc
1263 2179 1358 2224 aranos
1373 2161 1419 2223 vi·

253 2271 363 2343 dimus,
380 2287 472 2351 quum
489 2265 540 2348 qui
556 2275 677 2350 propter
688 2265 914 2350 popularitatem
927 2265 962 2328 sd
971 2264 1166 2346 gubernacula
1180 2263 1301 2328 admissi
1310 2273 1420 2340 meent,

251 2393 321 2438 mox
336 2390 441 2436 rursus
456 2391 489 2434 ea
504 2370 652 2451 deponere
668 2377 843 2450 cogerentur
856 2385 917 2432 non
931 2385 1002 2430 sanc
1017 2368 1104 2431 aliam
1120 2367 1158 2430 ob
1174 2385 1309 2442 causam,
1329 2385 1419 2450 quarn

247 2477 327 2560 quod
342 2493 445 2539 auram
460 2473 539 2536 illam
556 2473 740 2556 popularem,
756 2471 840 2535 cuius
862 2473 933 2534 llatu
948 2471 1079 2554 provecti
1094 2471 1226 2544 lucrant,
1246 2489 1421 2534 conseruare

250 2599 310 2644 uon
325 2577 453 2662 amplius
468 2585 620 2659 poterone,
642 2593 719 2658 quos
730 2593 811 2638 nunc
824 2574 861 2638 ab
876 2575 998 2650 iisdem,
1015 2592 1143 2656 quorum
1156 2593 1189 2637 so
1204 2574 1294 2638 duces
1308 2593 1343 2638 sc
1354 2595 1420 2636 mo·

249 2684 401 2746 deratorcs
414 2681 478 2744 lore
489 2679 688 2754 crediderant,
708 2679 859 2760 neglectos
874 2687 905 2742 et
920 2687 1108 2764 contemptos
1122 2677 1231 2760 partim
1246 2678 1277 2741 in
1293 2678 1420 2740 obscuro

249 2786 359 2858 iacere,
380 2785 488 2868 partim
508 2795 542 2848 ut
556 2787 732 2866 recuperent
749 2782 947 2846 multitudinis
967 2783 1098 2846 levorem
1121 2782 1268 2846 incassum
1289 2781 1421 2845 laborare

248 2889 393 2954 ridemus.
438 2887 594 2952 llultitudo
609 2907 679 2950 rcro
695 2904 842 2970 nusquam
858 2905 920 2950 non
935 2886 982 2950 sui
997 2886 1101 2950 similis
1116 2895 1179 2962 est,
1195 2885 1337 2950 libertatis
1354 2904 1422 2949 rno-

250 2993 331 3057 dicao
346 2991 514 3074 legibusque
527 3001 707 3076 temperatae
723 2991 889 3074 impatiens,
906 2991 1068 3054 temerariis
1077 2991 1175 3076 potius
1185 3010 1274 3072 quarn
1292 2990 1423 3074 pruden-

251 3097 331 3160 tibus
351 3095 480 3159 consiliis
502 3095 726 3176 obtemperans,
753 3094 908 3157 levissimis
930 3095 1090 3156 momentis
1112 3095 1171 3158 huo
1198 3095 1266 3159 illuc
1284 3095 1422 3178 impulsa,

186 3193 189 3200 ⁴
252 3199 378 3280 denique
393 3199 475 3271 talis,
491 3199 607 3280 qualern
621 3197 803 3270 Parrhasius,
819 3197 1041 3281 Aristophanes,
1058 3199 1203 3272 Socrates,
1220 3198 1303 3260 Plato
1315 3199 1423 3279 aliique

252 3303 338 3366 multi
360 3313 473 3364 veteres
494 3302 538 3365 rel
560 3301 729 3386 philosophi
749 3303 792 3363 rel
810 3300 942 3364 historici
962 3299 1192 3381 descripserunt.
1238 3301 1296 3362 Sed
1318 3301 1425 3364 dixerit

222 3439 229 3456 ·
254 3406 381 3470 lortassc
396 3403 502 3487 aliquis
517 3405 624 3468 borum
640 3403 761 3475 iudicia,
784 3422 877 3485 quum
898 3402 1119 3466 multitudinem
1140 3401 1176 3465 ad
1197 3405 1424 3484 rempublicam

253 3514 333 3572 recle
353 3507 512 3590 gerendam
533 3508 615 3571 nullo
638 3507 727 3570 ntodo
746 3505 883 3570 idoneum
899 3527 964 3570 esse
979 3505 1120 3580 doceant,
1143 3505 1242 3568 minus
1267 3515 1367 3570 tamon
1387 3507 1424 3570 ad

253 3611 331 3675 bano
344 3619 477 3673 nostram
492 3609 535 3672 rei
551 3610 682 3694 publicae
697 3610 940 3674 constitutionem
955 3607 1101 3692 pertinere
1118 3609 1246 3670 multum
1261 3627 1278 3670 a
1293 3616 1425 3672 veterum

254 3711 380 3798 imperio
396 3711 529 3794 populari
544 3712 699 3776 diversam.
729 3713 813 3796 dpud
830 3713 895 3775 illos
910 3711 990 3774 eninr
1006 3709 1246 3794 uniuersipopuli
1261 3721 1425 3774 conventus

254 3814 362 3888 luisse,
384 3813 415 3875 in
430 3813 536 3896 quibus
551 3815 587 3875 de
602 3832 766 3879 summare
781 3815 897 3896 publiea
912 3815 1131 3879 consultaretur
1143 3813 1374 3898 suffragiumque
1389 3813 1426 3879 ab

256 3915 395 3980 omnibns
410 3917 579 4000 promiscue
598 3919 738 3994 demetur,
759 3917 837 4002 apud
860 3937 915 3980 nos
935 3927 1035 3981 autern
1057 3917 1211 4002 pauciores
1226 3937 1292 3983 esse
1307 3940 1343 3983 ex
1357 3919 1426 3982 uni-

130 4073 138 4082 .
256 4037 341 4082 serso
359 4035 485 4082 nurnero
502 4022 646 4096 selectos,
666 4021 696 4084 in
721 4022 829 4104 quibus
851 4021 991 4104 eligendis
1016 4021 1143 4085 dubitari
1164 4040 1226 4086 non
1245 4039 1334 4103 posse
1354 4023 1428 4104 quin

257 4121 415 4204 dignitatis,
430 4123 557 4199 uirtutis,
574 4125 745 4210 prudentiae
756 4127 830 4190 ratio
843 4125 1004 4209 plurimum
1020 4125 1122 4191 valeat.
1151 4127 1265 4210 Nempe
1274 4127 1352 4210 apud
1363 4145 1427 4201 eos,

259 4225 310 4308 qui
326 4227 433 4290 iustum
450 4227 607 4310 dignitatis,
621 4229 747 4303 uirtutis,
763 4229 937 4312 prudentiae
951 4229 1200 4294 existimationem
1215 4231 1271 4316 ipsi
1285 4231 1426 4312 aderant:

259 4329 343 4394 cuius
353 4331 472 4412 generis
487 4332 517 4394 in
532 4331 590 4408 bis,
607 4333 657 4415 qui
673 4332 797 4415 eligendi
812 4334 858 4398 ius
873 4333 993 4409 babent,
1008 4352 1172 4419 perpaucos
1181 4355 1246 4400 esse
1256 4351 1306 4398 res
1320 4334 1383 4418 ipsa
1398 4341 1430 4398 et

259 4433 464 4516 proximorum
488 4453 635 4499 sonorum
657 4437 857 4520 experimenta
878 4437 1054 4504 docuerunt.
1097 4437 1174 4504 Nolo
1193 4458 1274 4506 nunc
1292 4457 1428 4504 comme-
