3186 4968
746 499 897 602 Q

219 685 492 772 quemadmndum
513 693 561 750 est
580 685 757 753 lahersre
778 707 853 754 are
877 685 1125 752 irumentaria
1147 689 1225 774 apud
1250 691 1404 754 Caesarem

223 789 263 853 Β.
283 789 324 852 G.
347 787 410 862 ΙΙΙ,
434 791 484 866 16,
505 787 525 854 Ι.
545 809 575 872 q.
591 787 724 854 laborare
738 792 818 874 quod
838 790 943 856 attinet
956 791 993 854 ad
1008 790 1317 856 romimmentariam.
1360 792 1405 856 61.

217 891 339 956 aaran
363 891 486 956 Advers.
506 891 595 968 utu.
618 893 648 956 5.
692 893 795 978 ltaque
817 911 878 958 nnn
904 893 1017 958 laborat
1040 893 1077 959 ah
1103 893 1163 958 etin
1186 894 1233 958 eui
1248 913 1309 958 nnn
1322 895 1406 959 deest

217 995 343 1072 otium,
358 993 515 1079 potuitque
530 1013 585 1078 pre
600 985 639 1059 od
652 988 766 1077 κάμνω
781 994 883 1085 σχολῇ
896 997 985 1060 etiam
1001 997 1058 1062 dini
1072 987 1113 1064 nd
1128 991 1240 1079 κάμνω
1255 991 1404 1084 ἀσχολίᾳ,

216 1117 306 1164 nnn
322 1097 455 1164 tahoro
470 1099 537 1164 etii
552 1099 715 1166 deiectu:
730 1109 765 1164 ut
779 1099 947 1164 habendum
962 1101 1001 1164 sit
1011 1101 1068 1166 hon
1077 1101 1405 1186 exemplumineornm

216 1221 378 1279 nurnero,
397 1201 427 1267 in
446 1202 570 1288 quihus,
590 1212 625 1268 nt
644 1203 827 1288 grammatici
846 1205 940 1280 aiunt,
960 1223 1008 1270 rea
1023 1204 1130 1272 dieitur
1144 1225 1198 1292 pro
1221 1205 1338 1270 deiectu
1352 1205 1404 1270 rei.

219 1307 391 1376 Nimirum
406 1308 440 1373 dt
454 1308 513 1375 hon
526 1307 566 1374 ihi
580 1307 712 1386 demum,
728 1306 780 1373 nbi
794 1307 908 1393 reliqua
922 1308 1086 1376 enuntiatio
1100 1309 1234 1376 dentur-e
1249 1328 1310 1376 non
1325 1308 1404 1388 sinit,

218 1433 293 1500 qun
314 1412 407 1478 medo
422 1431 470 1479 res
485 1433 518 1478 ss
533 1411 648 1478 habeat.
692 1411 824 1477 velutin
843 1411 923 1478 iliad.
939 1411 974 1476 ΙΙ.
992 1411 1043 1492 89,
1062 1405 1202 1501 καμάτῳ
1225 1406 1407 1502 ἆὸὅηκότας

217 1510 295 1606 p'eie'
321 1511 382 1582 καὶ
403 1507 510 1604 ὕπνῳ,
531 1515 706 1582 scholiastae
728 1535 783 1600 pre
805 1506 901 1602 desp
915 1516 1004 1580 etiam
1020 1507 1188 1606 ἀγρυπνίᾳ
1202 1519 1259 1584 dini
1272 1519 1406 1604 potuisse

218 1623 556 1706 manantiumque
571 1621 600 1686 in
615 1619 774 1696 06.ΙΙ,2,
794 1617 845 1684 uhi
865 1629 913 1684 est
933 1613 1027 1708 ὕπνῳ
1049 1615 1105 1686 καὶ
1125 1617 1264 1711 καμάτῳ
1286 1614 1406 1709 ἀρημέ-

218 1745 301 1804 νος,
327 1725 365 1790 ad
381 1725 461 1808 quod
476 1724 645 1810 exemplum
656 1723 746 1790 etiam
762 1721 898 1789 horatius
913 1723 969 1788 0d.
985 1725 1033 1800 ΙΙΙ,
1053 1725 1102 1801 ΙΙ,
1122 1727 1156 1790 ΙΙ
1175 1745 1303 1792 somno
1323 1727 1407 1794 iati-

218 1851 267 1917 μ
277 1839 444 1913 tumque
458 1829 545 1894 ludo
560 1829 644 1906 dirit,
659 1847 767 1913 nempe
781 1847 901 1904 somno,
913 1829 982 1912 quia
997 1829 1225 1906 desiderabatur,
1246 1831 1323 1912 indo,
1338 1832 1407 1916 quia

220 1933 444 2001 lassitudinem
466 1935 611 1998 effenerat.
655 1933 740 2017 Apud
761 1931 942 2016 Euripidem,
959 1933 1111 1998 Phoeniss.
1134 1934 1165 1997 Ι.
1189 1933 1285 2000 ¹668:
1308 1929 1408 2022 τάφῳ

220 2035 293 2126 riis
321 2032 416 2122 dirps
437 2029 644 2120 παρασχέτω,
666 2035 702 2100 de
718 2034 856 2118 Polynice
871 2035 995 2112 dictum,
1010 2047 1131 2122 apparet
1145 2037 1181 2103 de
1191 2039 1342 2122 sepultura
1354 2039 1408 2102 de·

221 2151 347 2227 negata
362 2139 565 2225 arripiendum
577 2159 659 2217 esrea
674 2156 827 2224 quumque
839 2139 870 2203 in
881 2139 1038 2224 hippolyto
1050 2160 1077 2204 e.
1093 2142 1174 2206 1462
1186 2141 1283 2206 Venus
1295 2141 1408 2225 iiippn·

223 2249 297 2332 iytu
317 2245 396 2309 maia
410 2243 554 2309 struxisse
569 2243 691 2319 dieitur,
711 2241 779 2326 quia
794 2237 893 2327 τιμῆς
914 2235 1083 2330 ἐμέμφθη,
1106 2243 1173 2327 quis
1195 2261 1255 2308 non
1275 2244 1409 2326 inteiligit

223 2351 329 2417 deam
343 2358 466 2433 pmpter
480 2349 626 2424 honorem
640 2345 695 2412 sihi
710 2363 771 2411 non
785 2346 918 2412 habiturn
934 2347 1091 2432 {hippolyte
1105 2346 1251 2411 intensam
1266 2345 1333 2424 dici,
1347 2363 1409 2411 nen

223 2455 329 2522 aliter
343 2471 433 2535 quam
447 2451 479 2517 in
493 2451 575 2528 iliad,
592 2451 613 2526 Ι,
629 2451 670 2514 66
686 2448 722 2514 de
736 2449 879 2532 Apolline,
895 2439 960 2514 αἴτ’
975 2439 1025 2534 a’s‘p'
1040 2440 1088 2534 dp)
1103 2441 1245 2536 εὐχωλῆς
1261 2441 1409 2532 ἐπιμέμ-

224 2575 346 2646 φεται
369 2545 437 2619 εἴθ’
457 2547 653 2638 ἑκατόμβης,
668 2551 708 2616 nh
722 2561 789 2616 sota
803 2569 865 2615 non
888 2553 1050 2636 persoluta,
1072 2553 1210 2618 sacrificia
1226 2569 1288 2617 non
1302 2551 1408 2628 oblatu,

223 2664 286 2724 aut
314 2655 394 2731 ΙΙΙΙΙ,
419 2655 479 2720 166
501 2655 538 2726 ds
559 2655 699 2730 hierium,
720 2647 852 2733 χώσατο
875 2646 904 2719 d’
926 2645 1026 2731 αἰκῶς
1048 2645 1237 2741 ἀμφότερον
1262 2649 1352 2742 νίκης
1373 2674 1410 2720 ra

226 2757 295 2826 καὶ
321 2750 437 2842 ἔγχεος
458 2747 478 2822 h'
501 2753 642 2838 ξυνέαξε,
665 2757 705 2822 oh
719 2757 870 2822 victoriam
886 2777 947 2823 non
963 2767 1157 2842 reportatam,
1179 2759 1293 2823 hastam
1308 2767 1407 2825 autem

225 2866 418 2931 distractam.

328 2964 452 3041 Quaerit
471 2964 529 3029 iam
551 2965 605 3029 lon
620 2983 646 3028 r.
662 2962 725 3030 286
744 2961 923 3030 decreuere
942 2964 1094 3050 sororibus
1114 2971 1228 3050 epatre
1242 2965 1408 3031 Erechtheo

224 3068 412 3138 nummus
426 3068 458 3132 in
472 3068 548 3134 helin
562 3067 723 3144 hieminio,
737 3085 827 3152 quam
843 3067 970 3133 iahniam
986 3067 1070 3134 aliter
1083 3069 1120 3134 ah
1129 3069 1194 3134 aliis
1205 3069 1309 3135 reierri
1318 3087 1408 3133 nemo

226 3173 408 3242 mirabitur.
451 3171 607 3256 Euripides
627 3171 690 3255 ipse
710 3171 741 3236 in
761 3172 910 3256 tragoedia
931 3173 1095 3237 Erechtheo
1116 3191 1206 3238 unam
1227 3173 1318 3238 modo
1333 3172 1409 3256 regis

227 3279 332 3345 uttam
347 3275 538 3340 notificatam
555 3275 628 3340 dixit
642 3275 712 3352 (sid.
728 3275 851 3360 Lyeurg.
866 3294 909 3340 nr.
933 3275 963 3368 in
979 3275 1079 3342 leonr.
1095 3295 1120 3340 n.
1136 3275 1213 3354 26),
1233 3294 1289 3340 nen
1309 3277 1409 3362 plures

227 3377 453 3466 apollodorus,
468 3377 518 3452 ΙΙΙ,
537 3379 585 3452 16,
602 3379 632 3452 t,
647 3377 677 3452 8,
692 3377 744 3442 sed
760 3397 853 3462 quum
866 3378 988 3444 minima
1000 3387 1071 3444 natu
1083 3379 1234 3444 immolata
1243 3389 1331 3456 esset,
1346 3379 1410 3446 eiua

226 3499 362 3550 sorores
376 3481 455 3564 ipsas
468 3501 501 3546 ae
517 3479 699 3546 interfecisse
715 3488 877 3546 memorat:
900 3482 1097 3548 coniuravisse
1111 3481 1191 3546 enim
1206 3482 1318 3565 puellas
1333 3483 1412 3550 inter

227 3607 280 3664 ee,
297 3601 407 3650 omnes
421 3601 481 3649 una
496 3583 642 3669 perituras
656 3603 731 3648 esse.
775 3582 977 3652 Numerantur
996 3595 1096 3652 autem
1112 3585 1149 3650 ah
1168 3585 1274 3651 eodem
1289 3587 1410 3670 Apollo·

119 3741 125 3748 .
227 3691 316 3757 doro
336 3687 414 3754 ntiae
429 3687 588 3754 Erechthei
602 3694 753 3774 quartuor,
780 3689 908 3767 Procris,
934 3691 1054 3766 Creusa,
1080 3688 1236 3764 Chthonia‚
1263 3689 1410 3772 Orithyiae

228 3796 468 3868 trasumenum,
484 3789 657 3875 Orithyiam,
674 3793 781 3858 Boreas
796 3793 904 3878 rapuit,
920 3793 1041 3860 Procrin
1057 3796 1181 3860 maritus
1196 3794 1341 3876 Cephalus
1351 3793 1412 3859 im·

228 3897 375 3984 prudeus
385 3895 480 3962 heuto
493 3895 659 3962 interemit:
675 3905 811 3962 neutram
826 3897 916 3980 igitur
926 3899 1116 3964 morificatam
1131 3917 1196 3963 esse
1207 3896 1410 3981 consequitur.

230 4003 367 4068 Restant
380 3997 489 4064 Creusa
502 4007 533 4064 et
547 3998 709 4066 camonia:
725 4000 805 4066 iilam
819 3999 883 4084 ipse
897 4000 1094 4085 Apollodorus
1109 4009 1140 4065 et
1160 4000 1180 4064 Ι.
1196 4000 1216 4065 Ι.
1231 4009 1262 4064 et
1278 4001 1306 4075 Ι,
1322 3999 1353 4076 t,
1369 3995 1411 4064 62

231 4101 346 4170 Xutho
360 4099 498 4186 nupsisse
512 4107 544 4166 et
557 4101 661 4166 ionem
676 4111 765 4186 atque
779 4103 929 4169 Achaeum
945 4103 1096 4188 peperisse
1110 4102 1213 4178 tradit,
1233 4101 1412 4168 Chthoniam

233 4213 378 4271 autema
392 4212 498 4288 patruo
512 4203 634 4270 nasein
649 4205 871 4270 matrimonium
887 4205 1006 4271 ductam
1021 4225 1096 4280 esse,
1113 4207 1193 4270 unde
1202 4213 1303 4272 ortum
1318 4221 1412 4290 mnus

235 4302 507 4372 trahente-an.
550 4303 643 4388 Igitur
662 4322 701 4372 ne
715 4305 893 4372 Chthoniam
915 4306 1035 4392 quidem
1055 4307 1251 4374 semideatum
1266 4325 1331 4370 esse
1345 4321 1413 4370 ere·

235 4405 400 4482 ᾶωαιῑ).
443 4395 557 4478 Quodsi
575 4405 625 4472 nui
644 4416 746 4472 tsmsn
764 4409 893 4492 argutari
912 4409 1038 4494 placeat,
1056 4429 1093 4475 so
1112 4408 1272 4492 coningere
1292 4405 1411 4492 poterit,

317 4539 346 4603 6)
362 4535 984 4615 Credidithesttmi’impsrnssdhpsnrpp.
997 4544 1058 4599 226.
