3186 4958
786 447 939 547 ..ρ-ο-

277 635 371 704 aieulo
390 653 452 700 non
472 635 599 721 amplius
619 633 817 710 dubitabitur,
842 645 909 700 utra
930 633 1133 718 interpretatio
1155 635 1251 700 verior
1270 637 1323 712 ait,
1350 638 1447 714 illane,

279 759 353 823 quae
365 739 536 804 l'etersenio
552 737 670 820 placuit,
687 757 724 800 an
740 739 840 811 altera,
856 756 946 820 quam
961 739 1006 801 tir
1019 737 1207 801 electissimus
1222 757 1282 803 nou
1298 742 1396 804 solum
1412 741 1449 806 ab

278 843 329 906 illo
344 851 485 906 contextu
501 842 552 904 sed
567 840 656 904 etlam
671 841 708 905 ab
723 861 779 906 usu
795 841 933 924 loquendi
948 840 1072 904 alienam
1089 861 1154 906 esse
1168 843 1340 906 autumavit.

364 945 423 1009 Seal
450 951 497 1008 est
522 945 610 1008 etiam
637 945 710 1008 alius
736 963 820 1009 error
845 962 913 1008 eum
940 943 1012 1006 tatsa
1034 944 1089 1006 isla
1109 945 1351 1028 interpretatione
1371 966 1447 1010 oon-

277 1049 411 1121 iunetus,
432 1047 511 1130 quoel
526 1067 608 1112 saera
623 1048 685 1122 illu,
707 1067 781 1130 quae
798 1043 899 1110 τελῶν
913 1047 1034 1110 nomine
1050 1047 1195 1130 designari
1210 1049 1319 1124 eredit,
1341 1069 1447 1114 aroana

277 1151 379 1227 luisse,
402 1151 489 1234 ialque
504 1151 577 1214 adeo
592 1152 650 1214 bue
665 1151 730 1236 ipso
746 1149 867 1213 nomine
882 1148 1023 1214 tleclarnri
1038 1153 1184 1235 opinatur.
1216 1153 1333 1216 Scilicet
1346 1171 1447 1218 saero-

277 1275 344 1320 rum
365 1255 547 1340 pria-aterum
566 1275 601 1316 oe
615 1253 849 1318 domesticorum
864 1287 908 1300 -
922 1253 958 1316 ele
973 1253 1018 1316 bis
1034 1255 1112 1316 enirn
1128 1255 1198 1319 solis
1214 1255 1365 1336 agitur-
1383 1256 1442 1320 duo

278 1379 385 1441 genera
409 1359 500 1422 luisse
519 1358 639 1422 statuit:
661 1356 715 1418 alia
735 1355 831 1438 palam
855 1375 923 1420 eum
940 1355 1132 1420 familiaribus
1147 1365 1177 1420 et
1191 1358 1292 1421 amieis
1308 1357 1447 1426 celebrari

280 1463 375 1536 solita,
392 1461 421 1524 in
436 1460 544 1543 quibua
559 1479 641 1524 saera
657 1459 807 1542 nuptialia,
821 1458 1054 1542 amphibromia,
1071 1459 1147 1523 iusta
1163 1459 1297 1524 lunebria
1313 1461 1447 1524 iniurias·

282 1585 339 1649 que
363 1563 489 1627 mortuis
510 1563 637 1638 oblatas,
658 1562 713 1626 alia
733 1562 763 1626 in
784 1572 887 1646 operto
903 1561 1085 1645 remotisque
1101 1564 1220 1628 arbitris
1235 1565 1397 1649 operanda,
1417 1564 1448 1627 in

280 1688 341 1753 quo
364 1685 471 1750 gener-e
486 1667 661 1730 nominatim
676 1665 757 1729 loris
773 1665 869 1730 llereii
884 1675 915 1730 et
931 1665 1072 1749 Apollinis
1087 1667 1188 1731 l‘atriti
1205 1685 1286 1731 sacra
1301 1677 1448 1744 numerat,

280 1793 365 1858 quae,
380 1771 516 1856 quamuis
530 1771 642 1836 oisibus
657 1771 796 1835 omnibus
811 1771 992 1846 eommunia,
1006 1771 1099 1834 nibilo
1115 1772 1213 1836 minua
1229 1781 1328 1836 tamen
1342 1790 1447 1837 areana

280 1877 371 1944 luisse
388 1877 460 1952 uult,
482 1895 635 1960 quumque
651 1875 681 1939 in
697 1875 914 1958 designatorum
931 1875 1158 1958 magistratuum
1174 1876 1308 1940 examine
1323 1895 1448 1960 quaere·

280 1991 372 2055 retur,
387 1982 531 2044 loremno
549 1980 686 2044 llereium
702 1989 732 2042 et
746 1980 909 2063 Apollinem
927 1981 1069 2044 Patritum
1085 1979 1238 2054 baberent,
1256 1981 1382 2064 probare
1397 2001 1448 2046 eos

282 2084 518 2150 examinantibus
533 2083 680 2159 debuisse,
695 2101 801 2148 areana
815 2085 924 2148 borum
940 2085 1063 2148 deorum
1079 2103 1161 2148 saera
1176 2085 1231 2147 sibi
1243 2094 1312 2148 nota
1323 2104 1448 2167 seseque

283 2189 318 2252 iia
333 2189 463 2252 initiatos
478 2209 554 2252 esse.
586 2193 667 2262 Quae
682 2197 782 2250 autem
798 2187 907 2252 ciuibus
922 2187 1060 2251 omnibus
1075 2188 1244 2252 communia
1259 2197 1352 2262 erant,
1368 2189 1448 2252 etde

283 2293 390 2374 quibus
405 2292 479 2354 adeo
495 2292 524 2354 in
540 2291 658 2372 publioo
673 2291 806 2353 examine
822 2290 1080 2372 interrogabantur
1094 2299 1123 2352 et
1134 2289 1363 2372 respondebant,
1377 2291 1449 2354 haue

283 2413 343 2474 que
363 2393 427 2456 iure
446 2411 552 2456 areana
568 2391 664 2456 vocari
680 2391 809 2474 possint,
830 2391 977 2454 nonsatis
993 2391 1149 2475 perspicio.
1180 2391 1282 2472 Neque
1297 2393 1376 2454 enim
1392 2393 1450 2454 leue

283 2493 379 2558 elicere
399 2493 510 2568 tteebit,
533 2493 626 2556 luisse
645 2503 744 2557 certos
759 2493 902 2574 quonlam
917 2492 993 2556 ritus
1008 2493 1059 2556 uni
1075 2493 1181 2574 cuique
1196 2493 1299 2556 domui
1314 2512 1348 2556 ae
1362 2493 1448 2556 lami·

283 2595 338 2660 liae
359 2595 497 2678 proprios
519 2605 550 2659 et
564 2595 595 2658 in
611 2604 716 2678 operto
731 2593 929 2679 peragendos,
951 2595 1091 2666 onmibus
1105 2605 1215 2669 autem,
1231 2595 1280 2677 qui
1295 2613 1356 2658 non
1371 2596 1450 2657 eius-

283 2699 350 2762 nem
371 2698 480 2760 domus
499 2716 534 2760 ae
552 2698 679 2762 lamiliae
700 2705 800 2760 essent
822 2696 953 2778 ignotos,
977 2707 1065 2778 atque
1088 2697 1160 2760 baec
1182 2717 1247 2760 esse
1270 2697 1317 2760 illa
1335 2715 1449 2771 aroana,

215 2845 217 2848 ψ
284 2801 390 2882 quibus
401 2821 433 2864 se
446 2799 576 2863 initiatos
588 2820 653 2864 esse
665 2798 854 2882 magistratus
866 2798 1008 2880 designati
1020 2799 1145 2881 probare
1159 2799 1323 2863 debuerint.
1354 2799 1451 2863 Num-

284 2923 373 2987 quam
388 2903 468 2967 enim
486 2903 547 2966 beri
563 2903 718 2986 potuisset,
734 2909 767 2964 ut
782 2901 818 2964 ele
833 2901 879 2964 bis
894 2901 1010 2965 arcanis
1025 2902 1143 2984 publico
1158 2907 1292 2966 eraruiue
1305 2903 1335 2964 in
1346 2913 1451 2967 senatu

284 3007 514 3090 quingentorum
540 3006 647 3070 autin
674 3005 781 3068 iudicio
807 3002 958 3068 bellastieo
978 3007 1240 3086 quaereretur¹⁴).
1276 3005 1452 3070 Dicemusne

285 3109 382 3192 igitur,
398 3118 511 3173 ceteras
527 3109 646 3190 quielem
662 3107 804 3171 examinis
820 3115 918 3189 partes
930 3107 1044 3191 publice
1056 3115 1087 3171 et
1097 3108 1301 3189 praesentibus
1312 3109 1451 3172 omnibus

284 3225 334 3276 aut
348 3211 536 3276 senatoribus
551 3221 603 3274 aut
617 3211 761 3274 iuelioibua
776 3211 898 3293 aliisque
909 3209 1101 3286 auditoribus,
1116 3209 1301 3276 lranoautom
1313 3211 1350 3274 de
1361 3211 1451 3275 sacris

284 3321 399 3380 secreto
420 3315 586 3378 institutam
602 3333 666 3378 esse
682 3314 758 3378 inter
773 3333 880 3396 paucus
896 3313 1040 3395 quosdam
1056 3313 1206 3388 eonseioa,
1226 3314 1373 3377 antistites
1387 3315 1451 3378 lor·

284 3427 362 3482 tasse
382 3436 535 3482 sacrorum
556 3425 609 3480 aut
628 3413 789 3498 exepetasl
818 3417 849 3480 ld
870 3417 990 3502 quidem
1010 3435 1071 3482 non
1086 3417 1170 3482 lacile
1185 3437 1365 3501 quemquam
1380 3435 1451 3502 pro·

284 3521 423 3588 batumm
448 3542 514 3587 esse
533 3520 661 3586 arbitror
680 3519 710 3584 in
731 3519 882 3601 omniurn,
908 3521 959 3606 qui
979 3521 1056 3588 illius
1077 3521 1219 3586 exanainis
1239 3521 1450 3597 meminerunt,

282 3628 462 3712 aoriptomrn
482 3625 670 3707 sitentium).
710 3625 756 3690 Au
776 3625 834 3690 boe
852 3625 967 3709 potius:
989 3625 1099 3692 civibus
1120 3627 1240 3713 quidem
1259 3625 1397 3690 omuibus
1418 3645 1451 3688 ea

282 3750 365 3796 aaera
390 3741 476 3806 uota,
503 3729 607 3795 eeteria
633 3739 733 3794 autem
761 3729 876 3812 ignota,
902 3729 1027 3815 ideoque
1053 3731 1196 3796 hactenus
1219 3731 1322 3796 saltem
1346 3747 1451 3795 aroana

282 3832 402 3900 luisset
431 3837 671 3900 Consentmeum
697 3843 744 3899 est
769 3832 873 3917 igitur,
900 3843 933 3898 ut
958 3835 1055 3918 aliqua
1079 3837 1194 3901 ratione
1213 3833 1365 3919 provisum
1386 3853 1451 3899 esse

354 4039 396 4104 ll)
414 4039 492 4106 Quam
506 4041 628 4108 religiosa
641 4039 811 4092 Athenienses
823 4041 951 4105 raserint,
968 4057 1000 4094 ae
1011 4042 1069 4112 quial
1081 4042 1113 4096 tls
1125 4042 1208 4096 sarria
1220 4041 1322 4095 areanla
1334 4041 1451 4108 divulga·

284 4132 366 4188 ratar,
377 4141 450 4192 quana
463 4125 513 4177 alia
526 4126 641 4194 exempla
654 4124 755 4192 doceat,
765 4135 819 4178 tona
832 4127 896 4196 qaoal
909 4127 934 4178 io
947 4127 1055 4197 ludielia,
1073 4129 1097 4182 ai
1109 4143 1202 4181 eauaas
1213 4128 1243 4181 ati
1256 4128 1380 4198 mysteria
1393 4141 1451 4196 par·

284 4209 394 4260 ttaeatea
405 4217 589 4280 tractarentur,
601 4209 717 4263 iaitlatoa
729 4219 826 4265 tantam
838 4211 934 4265 tortosa
946 4214 1037 4266 aedera
1048 4213 1155 4279 litabat,
1172 4227 1251 4281 aequa
1263 4213 1395 4266 auditores
1406 4211 1451 4264 arl-

285 4293 459 4361 mittebantur,
475 4297 573 4364 asquia
586 4295 655 4351 lorte
665 4292 877 4355 inanimamur
887 4299 1001 4365 audiret,
1017 4299 1082 4368 qaod
1094 4299 1126 4352 ab
1137 4297 1247 4353 initialia
1259 4307 1356 4353 tantun
1367 4298 1451 4352 antrat

285 4375 324 4430 taa
336 4387 415 4434 mart.
439 4378 693 4448 ct.tat.1²ott.vttt,
708 4383 765 4436 ¹2³.
788 4381 843 4436 Ara.
856 4381 931 4437 Prae.
946 4399 972 4454 p.
988 4385 1044 4438 lib.

356 4463 397 4519 151
415 4465 573 4538 scriptoram
585 4469 656 4523 laaaa
668 4483 754 4522 oaaaaa
766 4471 972 4524 temerarit
983 4469 1104 4540 llaisraa,
1115 4471 1172 4527 Aa.
1184 4471 1257 4527 rm.
1269 4487 1293 4541 p.
1303 4471 1450 4524 tut-aut.
