3186 4958
787 437 935 538 „¹3²-

927 618 972 702 ὥς
992 618 1159 708 μακάριος

466 722 560 808 ὅστις
582 723 619 795 α’
643 719 768 796 dedeo
789 723 1037 818 κάκποιήσεται
1060 725 1163 812 γαλᾶς

467 831 528 899 coi
549 828 652 920 μηδὲν
675 821 774 921 ἧττον
795 833 889 917 βδεῖν
909 829 1051 900 ἐπειδᾶν
1073 824 1197 916 ὄρθρος
1218 820 1250 921 ᾗ,

277 941 309 1004 in
324 940 430 1022 quibus
446 934 548 1022 γαλᾶς
562 938 698 1001 nonnulli
713 939 889 1022 interpretes
905 939 941 1001 dc
956 937 1059 1020 puellis
1074 936 1131 999 diei
1146 937 1247 1000 mlum
1260 937 1417 1018 aliquando
1432 959 1449 1001 ε

277 1043 335 1107 lilia
357 1043 561 1127 procreandis,
577 1051 699 1125 propter
713 1043 836 1104 uerbum
849 1033 1078 1124 δκττοιήοεται,
1094 1041 1174 1122 quod
1191 1040 1307 1122 proprie
1323 1040 1359 1102 de
1377 1059 1447 1122 pro·

277 1125 426 1210 creatione
447 1144 584 1228 usurpari
599 1144 750 1207 latendum
767 1153 822 1206 est.
853 1145 871 1206 Ι
876 1139 965 1218 ἀλᾶς
979 1151 1093 1214 autem,
1113 1143 1142 1204 lr.
1159 1161 1185 1203 e.
1201 1143 1353 1216 mustelas,
1370 1161 1450 1206 nunc

242 1257 246 1264 “
278 1249 390 1332 puellas
411 1246 474 1311 illas
488 1244 646 1328 aliquando
661 1245 859 1326 procreandas
874 1245 951 1307 banc
966 1245 1004 1306 ob
1021 1263 1140 1308 causum
1157 1243 1213 1304 diei
1229 1252 1349 1324 putant,
1370 1247 1450 1327 quod

180 1389 181 1394 κ
279 1359 400 1434 postero
412 1360 557 1433 tempore,
573 1367 681 1432 nempe
693 1348 743 1412 ubi
755 1348 936 1412 adoleverint
948 1356 1036 1427 atque
1049 1348 1212 1430 nupserint,
1230 1347 1308 1410 idem
1321 1347 1451 1410 iacturae
1501 1419 1503 1423 ¹

279 1453 348 1528 sint,
365 1455 445 1537 quod
462 1453 615 1527 mustelae,
635 1453 665 1514 h.
681 1473 708 1516 e.
723 1447 816 1533 βδεῖν
833 1444 975 1514 ἐπειδᾶν
990 1441 1112 1532 ἀ’ρβρος
1125 1438 1157 1538 ᾗ.
1189 1451 1221 1514 lu
1238 1452 1292 1515 bac
1305 1452 1451 1514 sententia

281 1575 372 1638 οοαατ
388 1557 449 1621 noi
470 1551 573 1639 μηδὲν
594 1542 692 1638 ἧττον
713 1551 806 1635 βδεῖν
820 1554 977 1619 commode
994 1554 1130 1636 explicari
1146 1565 1283 1636 nequeat,
1298 1556 1451 1618 l'orsonus

283 1658 427 1721 excidisse
448 1659 625 1722 versiculum
646 1657 785 1728 coniecit,
806 1661 837 1720 el
863 1657 1010 1736 integrum
1037 1657 1135 1720 locum
1162 1657 1244 1720 bunc
1260 1657 1321 1719 lero
1343 1657 1451 1721 luisse:

284 1755 387 1841 γαλᾶς
410 1759 416 1844 Ι
441 1758 516 1836 olaf
544 1753 623 1820 ὅταν
644 1749 729 1821 ποτ’
751 1747 836 1820 ὦσιν
856 1751 979 1842 ὡραῖαι
1001 1758 1114 1842 γάμων
1132 1755 1138 1843 Ι
1157 1759 1218 1820 σοῦ
1239 1753 1342 1842 μηδὲν
1355 1747 1453 1845 ἦττον

280 1859 387 1942 βδεῖν,
410 1863 590 1926 mustelas
611 1879 683 1924 non
705 1863 826 1924 miuus
842 1879 949 1942 quam
965 1861 1055 1924 tend
1071 1861 1285 1924 visiendum
1301 1878 1452 1942 promp-

280 1971 353 2036 tas,
379 1964 428 2026 alii
449 1973 549 2026 autem
569 1963 641 2025 uilril
662 1963 720 2026 nisi
739 1956 858 2047 ἥττας
878 1982 932 2045 pro
948 1949 1048 2046 ἧττον
1061 1963 1249 2026 scribendum
1268 1969 1452 2044 putaverunt,

284 2065 429 2129 sententia
445 2066 549 2128 cadem
565 2065 682 2128 brevius
697 2073 813 2128 tautum
830 2085 977 2147 expressa.
1004 2063 1073 2126 blilri
1087 2071 1185 2127 tumen
1196 2065 1323 2147 permira
1335 2083 1454 2145 sempor

281 2177 313 2230 et
327 2168 374 2231 rix
388 2167 536 2232 credibilis
552 2169 611 2230 risa
626 2177 672 2231 est
685 2167 781 2231 subita
797 2168 852 2230 ista
868 2167 1061 2231 mustelarum
1079 2186 1133 2250 pro
1148 2168 1253 2249 puellis
1269 2167 1451 2240 substitutio,

282 2289 357 2350 quae
372 2271 546 2352 praesertim
561 2269 650 2332 etiam
666 2271 826 2350 scripturae
842 2270 1037 2332 mutationem
1053 2271 1200 2350 postulet:
1216 2269 1315 2332 minus
1330 2269 1451 2342 mirum,

283 2373 363 2456 qued
378 2372 442 2435 aliis
456 2373 576 2454 placuit,
592 2367 696 2454 γαλῆς
716 2365 754 2434 στ’
774 2365 878 2455 μηδὲν
898 2359 997 2457 ἧττον
1017 2367 1126 2451 βδεῖν,
1149 2389 1276 2452 quornm
1293 2371 1451 2434 verborum

283 2473 460 2539 sententiam
476 2474 547 2537 satis
561 2474 679 2557 planam
695 2493 761 2537 esse
776 2474 914 2537 arbitror.
941 2473 999 2536 Sed
1015 2474 1111 2537 verius
1126 2483 1225 2537 tamen
1241 2493 1293 2536 eos
1308 2473 1452 2538 iudicasse

286 2587 374 2662 puto,
395 2578 446 2661 qui
469 2577 592 2642 eandem
608 2577 786 2640 sententiam
802 2577 891 2642 etiam
906 2577 1002 2640 verbis
1018 2595 1078 2640 nen
1094 2577 1215 2640 mutatis
1230 2577 1352 2640 subesse
1368 2577 1452 2640 rolu-

287 2689 384 2756 erunt,
406 2681 522 2745 inversa
545 2689 645 2744 tamen
667 2680 835 2744 ioculariter
857 2681 1006 2754 oratione,
1026 2689 1059 2744 ut
1080 2675 1182 2764 μηδὲν
1197 2666 1294 2763 ἦττον
1307 2680 1454 2744 diceretur

286 2803 341 2870 pro
372 2804 424 2859 eo,
456 2784 535 2866 qued
566 2785 685 2870 proprie
714 2785 872 2849 dicendum
903 2795 968 2848 erat
995 2781 1097 2870 μηδὲν
1129 2780 1271 2864 pellice:
1314 2793 1454 2847 muste-

287 2887 340 2952 las
360 2904 433 2951 non
455 2887 577 2950 minus
600 2907 704 2970 quam
728 2895 763 2950 te
785 2906 838 2972 pre
860 2906 932 2951 nen
954 2886 1067 2971 magia
1090 2905 1194 2972 quam
1216 2897 1265 2962 te,
1285 2897 1351 2959 aut,
1373 2887 1454 2971 quod

288 2990 397 3056 eodum
413 2990 499 3062 redit,
515 2998 548 3053 te
563 2991 768 3056 conminus
783 3011 891 3076 quam
908 2993 1095 3056 mustelas.
1126 2992 1189 3055 lloc
1203 3011 1296 3074 genus
1311 2992 1455 3056 inversio·

152 3155 157 3162 .
286 3094 333 3159 nis
354 3112 370 3157 a
392 3093 507 3158 comico
527 3111 666 3158 sermone
686 3113 747 3158 uon
766 3096 926 3160 abliorrere
946 3097 1076 3172 ridetur,
1096 3097 1249 3178 utiturque
1263 3097 1368 3159 eodem
1385 3114 1412 3159 e.
1428 3117 1454 3160 c

285 3179 374 3264 etiam
392 3197 522 3270 Plautus,
538 3198 648 3282 Captis.
664 3199 714 3274 ΙΙΙ,
730 3201 760 3274 b,
777 3198 833 3263 80:
854 3200 977 3282 nequi
1000 3200 1166 3266 deterius
1188 3199 1271 3263 lruic
1285 3199 1336 3262 sit
1350 3219 1454 3281 quam

285 3301 345 3367 cui
359 3321 531 3386 pessume
546 3311 617 3376 est,
634 3321 688 3386 pro
704 3323 739 3366 eo
755 3303 834 3386 quod
850 3304 968 3386 proprie
983 3303 1141 3369 dicendum
1157 3311 1235 3368 erat:
1252 3323 1294 3368 ne
1309 3303 1370 3387 qui
1385 3323 1455 3368 me-

286 3405 358 3472 liur
378 3406 463 3470 huic
481 3407 533 3470 sit
547 3441 590 3454 -
604 3415 655 3470 aut
670 3397 757 3470 etia'm
773 3425 832 3482 ne,
852 3407 909 3472 cui
930 3408 1093 3490 pessime
1113 3418 1185 3482 est,
1208 3407 1377 3471 deterius
1397 3407 1454 3471 sit.

292 3510 463 3586 —Quodsi
483 3509 550 3594 quis
570 3521 670 3575 tamen
691 3511 721 3575 in
736 3511 825 3576 eerbo
846 3504 1065 3598 ἔκποιήοεται
1084 3511 1212 3586 haereat,
1236 3511 1316 3594 quod
1332 3530 1402 3575 sane
1418 3511 1456 3574 de

286 3615 488 3696 procreatione
511 3613 700 3697 potissimum
722 3614 777 3678 dici
798 3621 924 3688 constet,
940 3615 1043 3698 quidni
1057 3615 1189 3680 dicantus
1205 3627 1323 3700 poetam
1341 3625 1457 3698 praeter

287 3719 521 3802 expectationem
542 3719 699 3794 adiecisse,
719 3719 800 3802 quod
823 3737 883 3783 uon
905 3719 1025 3802 quidem
1049 3719 1084 3784 ad
1106 3719 1199 3802 ipsam
1220 3719 1455 3804 procreationem

287 3820 458 3916 pertineret,
474 3822 525 3887 sed
541 3833 621 3888 esset
635 3833 735 3888 tamma
751 3841 819 3911 curn
831 3822 990 3906 generandi
1001 3833 1069 3888 actu
1079 3823 1300 3906 quodammodo
1312 3823 1455 3886 coniunc-

290 3923 383 3990 tum?
413 3927 521 3993 ilerum
534 3961 576 3976 -
592 3928 717 4012 sapienti
733 3927 793 3992 sat!

376 4031 409 4094 v.
425 4031 488 4094 273
504 4029 534 4094 in
548 4032 673 4115 phalliea
688 4032 831 4096 cantilena
847 4031 1029 4114 Dicaeopolis
1042 4031 1122 4115 pacis
1137 4031 1255 4097 delicias
1270 4049 1456 4096 commemo·

291 4147 360 4194 rans
374 4131 434 4197 buc
448 4133 539 4197 reiert
552 4133 640 4197 eliam
656 4153 744 4216 quam
761 4133 930 4196 delectabile
945 4133 985 4196 sit

392 4229 449 4318 τήν
469 4230 710 4320 Στρυμοδώρου
734 4231 886 4321 Θρᾷτταν
901 4229 937 4300 ἐκ
958 4231 1018 4300 τοῦ
1039 4231 1184 4324 φελλέως

311 4381 316 4392 .
391 4329 494 4422 nispe
514 4329 653 4419 λαβόντ’
676 4329 802 4422 δι’ραντα
822 4333 1053 4420 καταβαλόντα
1075 4339 1360 4426 καταγιγαρτλοοε.
1490 4355 1494 4363 ’

185 4523 189 4532 1
293 4437 507 4520 quartanam
524 4451 631 4524 polest,
646 4435 784 4528 φελλούς
798 4459 908 4506 nemen
923 4451 1023 4506 uuum
1039 4445 1246 4528 appellativum
1261 4444 1301 4509 sit
1311 4461 1349 4507 on
1361 4453 1457 4509 certae
