3186 4968
790 528 891 624 ¹²9„

231 720 275 782 lle
287 714 490 780 subaudiendo
505 715 670 779 aromatite
685 717 869 799 pronominis
884 708 1014 800 ταύτην,
1027 713 1182 777 referendo
1198 714 1247 778 illo
1263 715 1300 778 atl
1316 733 1401 798 prae·

229 837 367 902 gnosum
383 815 536 880 relatitum
553 809 584 902 ἢ,
598 835 660 880 nott
675 837 751 902 opus
765 829 811 881 est
828 817 935 881 diotre.
966 817 1039 879 llam
1060 813 1218 880 llotlhineo
1238 817 1315 882 batto
1334 837 1402 882 ora·

229 921 322 988 tionis
335 927 517 984 structuram
532 920 702 1002 reprobanti
716 937 771 985 neo
784 920 909 984 assensit
926 917 1082 1002 quisquam
1104 936 1216 1001 neque,
1238 925 1272 982 ul
1285 921 1401 1004 opinor,

229 1041 410 1090 mansurus
425 1031 480 1086 est.
508 1021 581 1086 blira
595 1035 694 1086 autem
711 1033 809 1087 namt
824 1023 1001 1104 tlartungoe,
1018 1020 1151 1104 l'ptltiatn
1163 1021 1250 1104 vulgo
1266 1040 1320 1104 pro
1336 1039 1403 1087 tera

230 1127 312 1191 lonis
327 1131 422 1190 matre
437 1123 568 1189 babitttn
584 1145 659 1202 esse,
674 1127 763 1210 idque
778 1135 879 1210 patere
893 1143 930 1190 et
950 1125 1043 1208 ipsius
1057 1123 1170 1199 verbio,
1190 1143 1217 1186 t.
1235 1122 1332 1199 tutu,
1352 1123 1403 1188 ubi

230 1229 365 1294 odionis
380 1228 600 1302 allocutionem,
1329 1249 1332 1254 ·

435 1323 521 1414 χαῖρ’
542 1318 570 1394 ὦ
590 1325 671 1418 φίλη
693 1349 755 1412 μοι
775 1331 887 1416 μῆτερ,
910 1321 949 1393 oa’·
971 1321 1113 1392 τεκοῦσά
1136 1347 1211 1413 nep,

230 1435 296 1520 ipsa
309 1433 481 1518 respondet,

438 1525 509 1600 ἀλλ’
531 1521 588 1600 οὖν
609 1527 779 1620 taylpaua
801 1525 830 1618 ν)
839 1554 847 1572 ·
872 1527 890 1623 ἡ
913 1527 1017 1624 φάτις
1039 1526 1069 1598 δ’
1091 1525 1132 1598 oit'
1152 1554 1213 1616 pot
1236 1529 1353 1621 πικρά.

233 1639 402 1725 lltqttiniltil
413 1640 487 1704 ntilti
499 1639 712 1723 lnbisttbiae
723 1637 922 1704 terbisinesse
934 1639 1058 1715 vitietur,
1071 1638 1128 1703 nisi
1139 1657 1201 1704 non
1212 1658 1298 1724 aegre
1309 1639 1404 1724 ipsam

232 1747 322 1821 lerre,
338 1744 418 1827 quotl
434 1743 524 1818 lonis,
540 1753 574 1808 ut
588 1761 669 1810 nuno
682 1742 719 1808 ab
735 1743 809 1828 ipso,
824 1743 869 1810 sio
882 1745 972 1810 etiam
987 1743 1024 1808 ab
1038 1743 1102 1810 aliie
1116 1753 1212 1810 tnaler
1231 1744 1403 1829 appelletur.

233 1850 348 1934 Nempe
363 1857 468 1922 mater,
483 1857 519 1912 ut
532 1849 609 1932 apud
624 1867 689 1924 nos,
706 1849 750 1914 sio
764 1849 854 1914 etiam
869 1851 948 1934 apud
963 1849 1107 1926 Graecos,
1129 1867 1190 1914 non
1209 1849 1307 1914 solum
1328 1868 1404 1933 queo

233 1954 360 2038 peperit,
374 1953 427 2016 setl
441 1953 532 2017 etiam
548 1971 623 2036 quae
638 1962 774 2016 materno
789 1955 895 2018 ellectu
909 1955 1037 2038 aliquem
1053 1955 1242 2037 amplectitur
1256 1953 1292 2016 ab
1307 1973 1404 2036 eoque

234 2057 354 2132 eolitur,
370 2056 426 2121 dici
440 2056 563 2120 solebet.
591 2055 704 2130 Quotlei
719 2055 803 2120 alitor
813 2057 851 2120 de
866 2055 969 2140 Pptbia
981 2056 1083 2140 llelpbl
1095 2055 1281 2132 iudicassent,
1296 2075 1404 2122 exuere

235 2177 302 2225 aatn
318 2159 483 2224 noemma
498 2157 685 2232 debuissent,
705 2177 766 2240 quo
786 2159 912 2240 uirgines
932 2165 1049 2224 lantum
1068 2159 1151 2242 iungi
1172 2159 1216 2224 las
1237 2168 1309 2224 erat.
1338 2159 1403 2224 Vitl.

236 2263 394 2348 antiquitt
409 2281 453 2345 gr.
468 2271 543 2326 tom.
564 2262 590 2326 ll
609 2282 639 2346 p.
661 2263 733 2328 lut.
751 2298 792 2310 —-
816 2265 1001 2348 interpellata
1023 2273 1123 2330 autern
1142 2275 1189 2329 est
1209 2264 1288 2330 lonis
1308 2263 1404 2328 oratio

237 2365 367 2432 &ousae
381 2365 478 2430 verbis
583 2367 587 2376 '
790 2429 793 2434 .

438 2467 497 2544 rie,
518 2453 546 2531 ὦ
568 2459 770 2554 ταλαίπωρ’,·
790 2461 836 2546 ὥς
857 2462 985 2536 νοσοῦσ’
1007 2456 1100 2556 εὗρον
1121 2465 1247 2548 νόσους.

238 2575 268 2637 lt.
283 2591 310 2636 e
334 2559 416 2656 sebi
440 2571 585 2635 sonnino
605 2565 663 2636 καὶ
685 2566 724 2636 oi
746 2561 841 2656 εὗρον
862 2565 987 2655 ὁμοίως
1008 2573 1176 2640 νοσοῦντα.
1207 2573 1283 2640 liam
1298 2575 1406 2641 roonis

237 2675 346 2740 dieitur
359 2674 494 2757 quisquis
508 2673 607 2755 aliquo
622 2673 699 2738 malo
715 2674 829 2740 laborat
843 2685 874 2741 et
888 2675 989 2741 tiolore
1003 2677 1139 2752 allicitur,
1153 2687 1188 2742 ut
1201 2679 1270 2742 inlr.
1289 2697 1315 2742 t.
1332 2677 1405 2742 tat.

237 2777 310 2845 tot.
325 2775 398 2843 att.
420 2777 509 2842 borlo
524 2777 613 2842 rebus
627 2796 747 2864 quoquo
760 2779 835 2846 male
849 2799 882 2846 oo
896 2781 1073 2847 habentibus
1087 2781 1167 2847 ltletn
1182 2781 1305 2848 turbutn
1318 2799 1405 2847 usur·

238 2883 301 2969 pasi
316 2881 481 2948 ridebimus
496 2899 522 2946 t.
541 2881 613 2947 utu.

323 2986 357 3052 lo
373 2987 507 3072 proxime
518 2987 644 3052 Creusae
658 2987 890 3072 interrogatione
907 3007 932 3053 e.
949 2987 1026 3054 3³5:

439 3083 488 3169 εἷς
509 3081 541 3156 δ’
560 3081 649 3174 ἄνδρ’
672 3081 795 3178 ἀφίκου
817 3085 893 3156 τίνα
913 3089 1039 3180 τροφὴν
1058 3087 1270 3180 κεκτημένοςς

236 3193 296 3262 boe
309 3185 359 3272 εἷς
379 3183 485 3277 ἄνδρα
506 3212 596 3260 sensu
610 3194 729 3278 quidem
746 3196 824 3261 ltatttl
838 3195 937 3260 dillert
950 3197 988 3261 tlt
1002 3217 1038 3261 eo
1053 3195 1133 3280 quod
1148 3203 1195 3261 ost
1217 3187 1265 3272 sip
1287 3186 1407 3277 ἀνδρὸς

238 3290 377 3382 ἠλικίαν,
393 3299 544 3362 notandus
558 3309 658 3362 autem
674 3317 817 3364 numerus
830 3299 995 3382 singularis,
1011 3319 1066 3384 pro
1081 3319 1142 3383 quo
1153 3300 1296 3383 pluralem
1308 3300 1407 3382 potius

238 3393 287 3480 εἷς
301 3393 424 3487 ἄνδρας
437 3403 543 3486 aliquia
556 3405 764 3486 expectaverit.
798 3405 902 3468 Latine
916 3413 996 3468 corte
1010 3422 1100 3468 nemo
1115 3403 1222 3468 ditarit
1236 3403 1274 3466 in
1289 3403 1406 3466 tirunt

238 3505 461 3589 pervenisti.
487 3507 521 3570 ln
536 3507 749 3572 recenlioribus
763 3521 864 3574 tamen
879 3508 985 3591 linguis
1000 3508 1096 3582 verba,
1111 3527 1186 3592 quae
1200 3505 1319 3592 proprio
1344 3525 1406 3571 te·

238 3611 365 3676 nieotli
379 3611 621 3696 significationem
634 3613 751 3690 habent,
763 3623 797 3678 ut
808 3613 866 3679 boo
881 3613 980 3696 ipsum
997 3613 1120 3678 tenire
1134 3613 1213 3696 apud
1228 3613 1327 3686 ltalos,
1342 3610 1406 3676 le·

238 3715 346 3780 venir
359 3717 437 3800 aputl
452 3717 561 3794 Gallos,
576 3717 727 3783 beoome
741 3718 819 3803 aputl
833 3717 953 3800 Anglos,
969 3717 1057 3781 oborn
1081 3735 1135 3802 pro
1156 3736 1193 3781 eo
1214 3725 1405 3800 usurpantur,
1498 3767 1501 3774 .

238 3818 317 3902 quot
332 3829 378 3884 est
390 3819 493 3898 lieri,
508 3833 644 3886 nostrum
661 3822 821 3899 werdon,
836 3824 921 3888 ouius
936 3822 1094 3888 uamtatao
1114 3819 1335 3905 significationis
1355 3837 1405 3886 ra·

237 3921 315 3989 riora
329 3923 474 4007 quaedam
488 3927 623 4008 exempla
646 3943 684 3989 ne
702 3925 733 3992 in
757 3927 936 3992 Graecorum
956 3927 1077 4011 pullen
1098 3938 1129 3990 et
1145 3925 1318 3991 latinorum
1341 3940 1407 3988 set·-

238 4043 326 4090 utone
341 4026 456 4092 tlesunt.
486 4028 573 4092 llelut
594 4027 672 4112 apotl
693 4031 871 4114 Sophoclem
891 4031 922 4094 iu
944 4031 1047 4114 Oedip.
1069 4029 1104 4094 ll.
1124 4049 1151 4093 tt.
1171 4029 1267 4104 1358,
1289 4019 1407 4094 alaeve

239 4122 368 4210 πατρός
382 4119 412 4211 γ’
428 4119 469 4194 ἄν
482 4127 603 4216 porois
618 4119 724 4216 ἦλθον
736 4141 784 4195 eet
797 4131 818 4196 i.
833 4149 862 4216 q.
878 4129 999 4219 φοννύς
1008 4125 1166 4218 ἐγενόμην
1179 4142 1211 4197 et
1225 4132 1264 4197 ib.
1277 4151 1304 4194 t.
1324 4130 1406 4196 1084

239 4244 294 4312 pro
321 4221 456 4294 τοιόσδε
482 4223 513 4294 tl’
539 4225 642 4318 ὶιφῦς
668 4224 729 4299 οὐκ
758 4223 799 4296 b
827 4225 997 4316 letteoep’
1018 4228 1071 4301 leo
1092 4226 1168 4298 ποτ’
1190 4225 1288 4311 ἄλλος
1309 4233 1407 4318 potuit

240 4329 329 4393 etiarn
364 4323 424 4394 osis
456 4321 499 4397 iis
527 4327 681 4421 γενοίμην
705 4327 782 4398 ποτ’
809 4325 910 4412 ἄλλος
936 4335 1008 4413 ᾱίοἰς
1032 4337 1110 4419 apud
1135 4337 1304 4400 luteualem
1325 4336 1363 4411 ll,
1385 4334 1405 4400 8

240 4446 347 4496 netno
365 4445 521 4518 repente
540 4437 641 4502 venit
662 4437 905 4524 turpissimus
930 4437 1029 4522 potuit
1050 4437 1107 4504 (liei
1127 4456 1231 4502 nemo
1252 4445 1407 4522 repente

240 4529 562 4620 ttttorptninos,
577 4547 608 4604 st
621 4539 699 4626 aputl
714 4541 848 4627 Propert
867 4541 964 4620 libb.
982 4540 1004 4606 b
1025 4559 1081 4626 pro
1102 4541 1211 4607 Seres
1231 4549 1268 4608 et
1287 4542 1406 4606 luso-
