3166 4962
647 469 799 571 gej-

230 663 264 727 ln
290 662 411 748 reliquis
437 661 702 748 compositionibus
727 661 951 744 omnibusque
972 679 1033 724 nnn
1049 659 1243 744 copulativam
1258 667 1309 722 aut

144 767 405 851 supenddittvam
430 767 482 830 sed
509 765 690 830 indefinitam
716 764 957 847 significationem
984 763 1081 826 babet.
1115 763 1310 846 Componitur

144 881 243 935 autem
257 871 320 936 lere
335 891 403 936 cunt
419 870 643 956 pronominibus
654 880 705 933 aut
715 869 860 932 adverbiis
873 867 1134 952 pronominalibus,
1146 887 1309 950 eorumque
1357 915 1360 922 ,

144 973 388 1057 significationem
405 975 449 1038 sic
463 975 574 1049 dilatat,
590 985 624 1038 ut
639 993 704 1038 erm
719 991 780 1036 non
795 973 830 1036 ad
848 992 936 1036 unom
951 973 1080 1055 aliquant
1095 991 1158 1036 rem
1174 971 1310 1035 indelini·

145 1085 218 1153 ιιιιι,
233 1079 284 1143 secl
300 1079 335 1142 ad
353 1097 468 1151 omnes.
484 1096 559 1160 quac
574 1079 707 1142 eiusdem
723 1077 839 1160 generis
853 1077 922 1152 sint,
939 1095 997 1140 non
1013 1087 1113 1140 tomen
1128 1075 1309 1140 coniunctim

145 1183 198 1244 scd
214 1182 373 1265 separatim
389 1183 537 1265 pertinere
553 1182 671 1256 indicet,
689 1191 778 1264 prout
792 1199 913 1264 quoque
928 1191 1062 1264 tompore
1077 1191 1108 1244 et
1122 1181 1152 1244 in
1167 1180 1310 1262 cuiusque

148 1285 293 1350 orationis
319 1295 462 1350 contextu
489 1286 552 1349 beri
573 1284 751 1349 conveniens
769 1285 819 1348 sit.
849 1285 935 1348 velut
954 1285 1012 1348 boc
1031 1285 1129 1366 ipsum
1146 1299 1311 1366 pronomen

147 1387 324 1469 quisquc,
347 1389 372 1452 si
388 1387 424 1451 de
438 1388 612 1452 bominibus
627 1387 742 1460 dicitur,
765 1405 825 1450 non
841 1405 930 1451 unam
946 1388 1074 1470 aliquam
1090 1405 1249 1468 porsonam
1264 1385 1312 1447 in·
1333 1409 1334 1414 ¹

148 1500 271 1566 certem,
286 1491 338 1554 aed
354 1491 536 1555 indefinitam
552 1491 701 1573 quandam
718 1491 874 1553 bominum
890 1491 1121 1562 multitudinem,
1143 1507 1199 1552 noo
1212 1501 1313 1551 umen

149 1603 287 1656 cunctam
306 1612 366 1658 una
385 1594 647 1676 comprehensam,
670 1595 722 1658 scd
742 1593 898 1676 separatim
914 1594 1045 1674 singulos
1060 1591 1234 1673 cogitandos
1248 1611 1314 1653 csse

148 1695 297 1777 designat,
328 1697 407 1760 unde
429 1714 489 1760 non
511 1698 608 1778 inopte
623 1717 646 1780 Ιι
668 1697 817 1760 Prisciauo
833 1693 915 1770 tt‚'t‚
932 1697 983 1768 31,
999 1696 1029 1758 in
1045 1695 1079 1757 iis
1094 1695 1241 1759 vocabulis
1256 1711 1314 1756 nu·

150 1809 293 1872 meretur,
317 1817 392 1879 quae
412 1799 530 1863 dividua
552 1801 589 1864 ab
613 1801 678 1884 ipso
693 1801 841 1872 dicuntur,
861 1819 877 1863 o
892 1799 979 1862 nobis
994 1797 1177 1861 distributim
1192 1798 1248 1860 dici
1262 1815 1315 1860 so·

150 1901 283 1982 lent¹¹).
314 1900 428 1984 Nempe
450 1901 527 1964 inest
547 1921 578 1966 ιιι
599 1923 666 1986 quo
683 1903 786 1966 incerti
802 1901 948 1984 temporis
963 1913 1014 1964 aut
1029 1899 1208 1964 conditionis
1221 1901 1315 1981 signi·

151 2004 263 2076 beatio.
282 2005 361 2066 unde
382 2007 430 2078 lit,
450 2005 659 2088 utquisque
674 2007 745 2070 siti.
762 2025 791 2086 q.
806 2006 901 2088 quitis
918 2005 947 2067 in
963 2023 1052 2086 quem
1068 2005 1113 2066 vel
1129 2003 1187 2068 boc
1201 2007 1245 2066 rel
1259 2003 1316 2066 alio

151 2107 291 2188 quopiam
307 2115 457 2188 tempore,
478 2107 522 2169 rel
538 2109 593 2171 liae
607 2111 652 2170 rel
667 2107 723 2171 alia
738 2109 876 2191 quapiam
893 2108 1061 2172 conditione
1076 2125 1124 2169 res
1138 2125 1188 2181 ea,
1207 2105 1244 2168 ds
1258 2123 1318 2188 qua

152 2207 260 2289 agitur,
275 2207 370 2272 cadet.
387 2243 429 2256 -
444 2209 556 2274 Eodem
573 2211 663 2274 modo
678 2210 766 2274 ctiam
782 2228 939 2292 cumque
953 2212 1167 2292 (quumque,
1190 2227 1319 2290 quom·

155 2313 238 2391 que)
260 2309 378 2376 dicitur.
408 2312 482 2376 Num
503 2314 674 2397 temporalis
695 2313 823 2376 sdverbii
843 2331 951 2394 quum
973 2313 1145 2396 significatio
1168 2313 1319 2376 indefinita

153 2413 184 2476 in
206 2415 329 2496 quodvis
355 2417 435 2499 quod
462 2417 638 2499 quandoque
664 2417 799 2481 inciderit
820 2427 939 2500 tempus
959 2419 1107 2481 dilatetur.
1137 2416 1199 2480 Ncc
1219 2425 1319 2480 tamon

154 2518 238 2581 aliter
262 2537 279 2582 s
304 2519 436 2602 probatis
461 2519 656 2602 scriptoribus
682 2521 740 2586 hoc
764 2539 918 2604 eumque
941 2531 1117 2604 usurpatum
1141 2520 1318 2596 invenimus,

155 2639 244 2704 quam
271 2641 340 2686 oum
365 2623 592 2706 pronominibus
617 2635 668 2688 tut
692 2625 947 2708 pronominalibus
967 2625 1110 2699 relativis,
1137 2626 1233 2707 qualia
1247 2636 1321 2690 sont

155 2726 233 2807 qui,
257 2735 434 2808 quantus,
457 2726 595 2808 qualis,
618 2735 721 2809 quot,
747 2727 1018 2803 ubi,unde‚ut‚
1034 2747 1161 2809 quorum
1177 2729 1320 2792 sicindc-

155 2828 236 2891 linita
250 2827 340 2892 simul
354 2838 386 2892 et
399 2827 515 2892 dividua
530 2847 555 2892 s.
571 2829 753 2893 distributiva
772 2830 945 2911 significatio
961 2833 1004 2894 llt.
1033 2831 1108 2894 Nam
1124 2849 1199 2912 quae
1213 2834 1322 2899 diversi

155 2931 270 3011 generis
284 2931 419 3016 exemplo
434 2948 451 2993 s
466 2930 617 2994 nonnullis
631 2932 728 2995 afferri
743 2933 850 3004 solent,
873 2933 923 2995 ubi
938 2951 1092 3014 cumque
1108 2951 1161 3018 per
1175 2953 1208 2998 se
1222 2935 1321 2998 solum

155 3033 296 3115 nulloque
321 3033 498 3115 pronomine
519 3041 571 3096 aut
590 3033 727 3096 adverbio
746 3035 944 3117 pronominali
964 3037 1158 3120 praecedente
1178 3038 1323 3120 temporis

157 3140 209 3198 cut
233 3135 412 3199 conditionis
439 3135 621 3198 indefinitam
642 3135 883 3218 significationem
903 3137 1011 3202 habero
1032 3145 1152 3221 putant,
1179 3157 1323 3224 perquam

157 3237 259 3300 omnia
279 3237 390 3301 incerta
411 3246 492 3300 sunt.
523 3237 637 3302 llotum
656 3255 752 3303 unum
772 3239 962 3304 notissimum
982 3250 1029 3304 est
1047 3241 1119 3305 illutl
1133 3242 1212 3326 apud
1226 3241 1324 3306 llora-

156 3339 232 3402 tium
247 3339 303 3402 ot.
323 3341 351 3413 l,
367 3339 418 3414 ³2.
438 3341 490 3403 lb:

763 3463 782 3507 o
797 3443 968 3510 laborum

407 3543 515 3608 dulce
529 3543 695 3607 lenimen
709 3544 797 3608 mibi
812 3564 966 3632 cumque
979 3549 1079 3613 salse

401 3647 474 3710 rite
488 3646 653 3720 nocenti,

157 3746 188 3812 itt
207 3765 268 3830 quo
288 3767 382 3831 quum
404 3747 581 3830 interpretes
595 3757 657 3812 tam
671 3757 786 3812 veteres
801 3769 890 3832 quant
905 3755 1086 3819 recentiores
1100 3775 1255 3840 eumque
1269 3775 1326 3843 pro

158 3851 470 3934 quotiescumque
495 3859 548 3914 aut
572 3851 699 3934 quovis
723 3863 888 3935 tempore
909 3855 1022 3920 dictum
1041 3861 1224 3946 acceperint,
1246 3878 1328 3925 nune

157 3951 401 4018 doctissimorum
425 3953 596 4018 criticorum
619 3971 769 4020 consensu
794 3955 938 4039 probetur
957 3957 1138 4026 helimanni
1159 3967 1329 4031 emendatio
1407 4033 1418 4046 ,

158 4055 267 4133 „dulos
286 4057 417 4121 lenimen
437 4056 738 4140 medicumquc¹⁸)“.
766 4059 900 4124 Alterum
920 4065 1101 4148 exemplum,
1115 4069 1193 4152 apud
1209 4069 1329 4136 Cicero·

158 4190 337 4205 *ιι-«ιι..-
343 4195 360 4204 ι-

230 4257 273 4324 tt)
290 4257 330 4314 cl.
342 4259 453 4331 Νεᾶνις.
471 4263 503 4316 al
516 4263 569 4339 Cio.
585 4263 618 4317 tls
630 4261 686 4320 l'la.
704 4280 728 4333 p.
740 4265 788 4320 28a
803 4283 906 4337 semper
916 4285 974 4324 eum
985 4271 1070 4342 aliqua
1081 4273 1264 4332 distribatlsas
1274 4279 1331 4334 sis·

158 4341 234 4414 pulsa
245 4347 384 4414 separati·
395 4347 533 4414 slqalfleat.

230 4430 273 4497 ld)
291 4431 354 4486 llibl
369 4431 467 4488 olimla
479 4445 587 4490 ιιοιιοιι
599 4437 671 4492 veslt
682 4437 843 4494 κιὶδοιιιιιι
856 4455 915 4495 esse
932 4443 1032 4510 „asilii
1048 4461 1191 4518 anaeque
1206 4447 1333 4522 salss“,

160 4523 190 4570 at
205 4525 277 4570 esset
293 4533 434 4589 aosoqas
454 4521 508 4592 l.q.
529 4539 608 4576 naas
623 4539 760 4594 quaque,
781 4527 989 4594 quemadmodum
1004 4531 1162 4604 belisque
1178 4537 1333 4606 prohelio
