3186 4968
301 1627 726 1726 tttutnvtttuotut
757 1623 1098 1723 ntuttttotictt.

204 1987 366 2052 comitium
389 1995 452 2050 erat
475 1985 526 2050 diu
551 1983 749 2049 intermissam
776 1980 949 2066 Euripideae
969 1978 1048 2044 ionia
1066 1979 1281 2043 enarrationem

118 2091 176 2154 hoe
190 2098 324 2173 tempore
341 2109 506 2164 muniere,
528 2099 559 2152 et
578 2085 830 2172 quemadmodum
853 2085 948 2149 tribur
967 2085 1195 2167 programmatis
1213 2099 1283 2146 ann.

120 2191 319 2267 uncccutx.
338 2191 511 2258 ttucccnx
531 2202 562 2256 et
581 2189 768 2254 ttucceth
788 2188 876 2254 editio
899 2189 1056 2272 prologum
1076 2187 1141 2252 eiua
1160 2187 1285 2258 iabuiae.
1360 2177 1363 2182 ’

120 2299 250 2382 primurn
262 2297 410 2363 canticum
422 2307 453 2364 et
467 2295 551 2362 ebori
566 2293 709 2380 parodum
725 2293 908 2378 interpretati
922 2311 1042 2370 eumue,
1060 2293 1104 2358 rie
1124 2311 1204 2360 nune
1223 2293 1285 2378 pri-

120 2420 204 2465 mum
219 2401 386 2484 epiaodiuna
401 2409 591 2486 pertractare,
609 2399 689 2482 quod
704 2407 750 2462 ort
763 2417 780 2464 a
794 2418 821 2461 r.
837 2397 900 2463 tut
914 2397 950 2461 ad
971 2399 1051 2476 ⁴5¹3
1070 2399 1122 2464 aed
1142 2397 1286 2462 interoea·

120 2513 225 2568 rerunt
234 2521 339 2568 ruraur
354 2503 425 2568 huin
437 2503 561 2568 coneilio
578 2501 671 2566 variae
685 2519 799 2574 caueae,
815 2519 888 2584 quau
899 2519 1135 2567 commemorare
1147 2502 1207 2566 hoe
1221 2499 1287 2563 inno
1422 2570 1425 2574 ,

121 2605 195 2670 ninii
210 2625 287 2690 opur
302 2611 357 2668 ert
388 2605 489 2688 itaque
504 2623 541 2668 ne
557 2623 680 2688 prorrua
694 2613 795 2669 umen
810 2603 875 2668 aine
888 2603 988 2687 aliquo
1008 2611 1114 2669 nostro
1134 2603 1287 2688 prooemio

122 2708 170 2773 hin
182 2708 269 2772 index
284 2707 453 2772 scholarum
464 2707 605 2792 prodiret,
619 2725 794 2792 expromere
808 2706 925 2772 notuiaa
939 2707 1083 2792 quaedam
1097 2705 1288 2772 diorthotinae

122 2811 281 2875 rtatuimuo
294 2809 407 2874 dudum
422 2811 452 2874 in
467 2811 662 2876 nonientaneia
677 2809 786 2875 nortria
800 2809 1016 2886 deliteooentea‚
1030 2828 1093 2875 non
1106 2828 1211 2876 ornnea
1224 2809 1288 2890 ior-

124 2922 202 2977 taree
215 2913 404 2986 reiectanea,
419 2921 485 2988 aut,
499 2913 525 2977 ri
543 2914 614 2977 nihii
633 2913 727 2987 aliud,
749 2912 868 2996 paqeliir
885 2912 989 2978 eattem
1010 2913 1124 2998 aliquot
1142 2912 1289 2998 periturae

123 3016 240 3089 chartae
255 3015 413 3101 implendis
428 3017 611 3082 auduoturaa.
643 3015 763 3081 initium
779 3021 829 3080 ttet
843 3015 880 3080 ab
895 3015 976 3080 ionia
990 3015 1067 3090 loeo,
1078 3016 1109 3080 in
1123 3013 1212 3102 primi
1227 3023 1289 3078 ota·

123 3117 191 3182 rimi
205 3117 312 3201 epodo,
325 3137 351 3180 r.
368 3117 431 3184 498
446 3119 523 3199 (512
537 3119 662 3198 Herm),
678 3119 729 3184 ubi
743 3119 891 3202 nymphae
905 3117 1076 3201 tpaouoeo
1095 3117 1202 3184 eattare
1223 3125 1292 3182 ante

125 3218 270 3284 itinerrae
283 3220 387 3286 aedem
403 3220 542 3286 dicuntur

528 3315 692 3408 συρίγγων

327 3413 385 3488 e‘ur’
407 3415 524 3502 αἰόλας
545 3417 642 3504 ἰαχᾶς

331 3517 448 3606 tpaor,
471 3517 551 3590 ὅταν
573 3517 705 3604 αὕλῖοις

326 3623 470 3714 ααρίζῃς,
492 3613 520 3692 ὦ
542 3621 626 3704 Πάν,

331 3729 419 3794 enine
443 3729 515 3806 σαῖς
537 3722 572 3794 ἓν
593 3720 734 3812 derepere.

132 3829 210 3894 idaeo
223 3831 275 3914 qui
289 3849 361 3898 rana
374 3851 439 3898 rare
449 3833 637 3898 erediderunt
647 3849 709 3896 non
720 3832 899 3916 quaeririrae
911 3833 1056 3909 ridentur,
1066 3852 1126 3915 quo
1136 3835 1200 3898 iure
1210 3835 1297 3898 noto·

130 3933 175 3996 tae
188 3943 303 4008 motus,
319 3935 371 4018 qui
385 3937 450 4000 eine
464 3955 535 4001 rone
550 3953 586 4000 an
600 3935 696 4000 verbio
709 3943 766 4010 ert,
781 3925 888 4017 &prov
902 3925 981 4014 ἷαχὰ
995 3935 1053 4000 dici
1067 3937 1213 4020 potuerit:
1229 3955 1298 4002 nam

136 4026 232 4116 iproe
248 4038 411 4102 earmina
425 4048 541 4103 tanturn
557 4037 653 4102 vorari
667 4037 772 4102 aoient
803 4037 897 4112 Unus,
913 4039 993 4120 quod
1007 4038 1115 4112 oniam,
1131 4039 1300 4105 Badhamua

131 4147 306 4225 eorruptum
320 4141 420 4205 ionum
434 4160 502 4205 eure
516 4141 739 4216 animadvertitt
753 4139 806 4205 oed
818 4157 893 4224 quae
907 4143 944 4206 ab
958 4161 995 4205 en
1005 4143 1182 4228 proponitur
1195 4161 1301 4208 emen·

132 4240 223 4316 datio,
237 4239 401 4322 ποίμναις
410 4259 465 4324 pro
480 4234 598 4322 dromo.
621 4243 734 4308 nemini
754 4243 838 4308 iaciie
855 4245 1036 4326 probabitur.
1075 4245 1220 4327 Equidem
1240 4263 1303 4310 non

132 4341 235 4408 dubito
249 4343 325 4426 quin
335 4341 463 4426 μίμνων
472 4343 661 4410 reribendum
672 4345 721 4422 eit,
736 4355 858 4422 mutata,
873 4353 908 4412 ut
919 4357 1040 4433 pareat,
1051 4347 1303 4433 interpunctione.

136 4443 294 4607 Papqaliao
309 4444 371 4530 ipre
386 4463 455 4512 orm
470 4445 608 4533 nymphi·
618 4447 725 4514 eaitare
738 4447 855 4526 roditur.
870 4445 1031 4540 Nippur:
1051 4439 1184 4530 dnoddr
1206 4441 1303 4538 o’qzq·
