3266 4958
799 431 946 531 2²...

283 622 417 709 pnblicac
435 631 582 687 rectorem
603 623 699 706 optari
718 622 804 688 citius
824 639 913 707 quam
934 621 1045 705 sperari
1061 637 1163 704 posse:
1185 621 1394 704 nequeenim,
1417 630 1452 687 ut

284 735 363 798 inter
377 747 464 812 apes,
484 727 528 792 sio
542 726 622 792 inter
636 726 773 792 bomines
788 746 872 811 reges
887 725 967 790 nasci
981 733 1135 808 tantopere
1151 741 1221 808 prae
1236 725 1340 791 ceteris
1354 727 1451 792 excel·

286 834 398 906 lentes,
413 831 463 916 qui
478 831 578 894 omnia
594 832 722 896 maximo
738 831 860 896 minima
874 831 1030 916 complecti
1045 830 1145 895 animo
1161 848 1194 893 oe
1208 831 1360 914 pervidero
1375 831 1451 896 diiu-

287 937 444 1019 dicarcque
464 935 580 1018 possint
591 939 599 977 ¹
610 937 650 1016 ⁹).
681 935 764 1001 llnnc
783 935 870 1020 igilur
892 937 930 1000 ob
946 955 1066 1000 causam
1081 933 1172 998 careri
1187 951 1248 997 non
1263 953 1350 1016 posse
1366 935 1452 999 bonis

286 1040 401 1126 legibus
418 1039 551 1104 virorum
571 1039 719 1104 bonorum
741 1049 771 1103 et
791 1041 968 1124 sapientium
989 1039 1112 1104 consilio
1132 1039 1302 1122 descriptis,
1328 1057 1403 1122 (puae
1424 1039 1454 1102 in

288 1145 461 1210 uuiversum
487 1143 557 1226 quil
582 1141 612 1206 in
638 1161 756 1227 quoque
780 1163 880 1208 rerum
906 1163 1013 1228 genere
1039 1143 1112 1208 iuris
1132 1145 1171 1208 sit
1189 1143 1379 1228 praedniant:
1408 1142 1455 1207 hie

288 1257 390 1314 autern
405 1247 574 1312 exercendis
585 1246 779 1312 adhibendam
791 1267 857 1312 esso
868 1248 1044 1331 prudentem
1057 1249 1238 1330 singulorum
1251 1266 1352 1312 rerum
1364 1247 1455 1312 nesti·

290 1353 470 1426 mationem,
490 1358 540 1426 ut,
560 1351 589 1414 in
611 1351 718 1434 quibus
737 1370 891 1416 summum
912 1352 981 1416 illud
1003 1352 1049 1415 ius
1069 1352 1167 1416 locum
1189 1351 1296 1417 habere
1317 1361 1455 1435 nequeat,

290 1457 362 1522 boni
375 1463 406 1521 et
419 1456 505 1540 aequi
519 1455 595 1520 ratio
610 1454 784 1538 praevaleat.
811 1456 860 1521 Sic
871 1475 919 1520 res
930 1476 965 1519 eo
978 1456 1143 1531 deducitur,
1159 1465 1194 1520 ut
1205 1447 1353 1540 optimum
1364 1475 1457 1540 genus

290 1561 407 1644 imperii
434 1560 473 1623 sit
498 1549 662 1644 μοναρχία
692 1552 869 1636 ζευχθεῖσα
891 1551 926 1622 δν
948 1553 1137 1642 γράμμασιν
1159 1551 1294 1644 ὀρθαῖς,
1323 1549 1382 1638 οὓς
1404 1553 1457 1623 νδ-

288 1681 374 1744 μαιι
394 1657 533 1745 λέγομεν
543 1665 609 1739 ¹⁰),
631 1663 660 1726 1ι.
676 1683 702 1726 e.
717 1663 807 1726 unius
822 1662 981 1746 imperium
997 1663 1084 1726 bonis
1099 1663 1210 1746 legibus
1227 1667 1375 1736 iunctum,
1396 1682 1456 1746 quo

291 1769 371 1850 leges
386 1765 505 1850 quidem
522 1766 551 1830 in
566 1767 736 1830 universum
753 1767 879 1840 valcant,
903 1765 954 1828 sed
971 1767 1017 1830 llis
1033 1766 1076 1830 sic
1090 1775 1124 1830 ut
1139 1769 1245 1849 parsit
1275 1777 1366 1851 utque
1388 1765 1458 1829 beni

291 1871 400 1958 publici
419 1878 449 1935 ct
468 1889 554 1934 acrae
576 1869 704 1934 iustitiae
723 1869 798 1934 ratio
819 1875 922 1954 posent
942 1871 1112 1934 exercendis
1127 1889 1179 1936 rex
1194 1871 1331 1954 invigilet.
1362 1872 1458 1953 dlque

292 1977 362 2040 binc
375 1975 463 2038 etiam
479 1973 549 2036 illud
564 1973 766 2055 consequitur,
781 1973 852 2037 boui
864 1972 940 2056 regis
952 1972 1083 2037 officium
1096 1974 1126 2036 ln
1138 1995 1174 2038 eo
1186 1974 1371 2056 potissimum
1385 1991 1458 2038 con·

190 2149 195 2158 ,
293 2089 387 2152 stare,
407 2083 442 2142 ot
463 2077 603 2158 quoniam
624 2093 703 2140 unus
723 2077 822 2140 omnia
843 2093 945 2140 curare
967 2093 1027 2140 non
1048 2077 1159 2159 possit,
1180 2077 1252 2140 alios
1269 2078 1333 2141 aliis
1354 2079 1384 2141 in
1404 2093 1460 2141 suo

294 2197 429 2264 quosque
443 2197 550 2262 genere
565 2179 695 2261 aplicans
710 2179 858 2262 praeliciat
873 2178 1035 2252 ministros,
1052 2178 1113 2260 ipse
1129 2187 1229 2243 ouum
1245 2179 1352 2244 borum
1364 2179 1460 2242 admi·

294 2285 499 2348 niatu-ationem
515 2289 595 2364 regat
608 2281 770 2364 agendique
786 2281 909 2346 modum
925 2281 960 2344 iis
976 2281 1163 2362 praescribat.
1198 2277 1264 2366 lile
1286 2271 1388 2356 ὅντως
1403 2267 1459 2344 αδ-

295 2405 358 2450 ααν
378 2378 569 2469 βασιλικήν,
597 2384 768 2466 inquit¹¹),
792 2373 852 2446 odae
874 2373 976 2466 odada
998 2377 1050 2446 dei
1071 2376 1231 2466 πρδπιιν
1252 2373 1325 2445 ἀλλ’
1349 2371 1461 2463 δρχιιν

295 2485 359 2552 τῶν
380 2478 565 2568 δυναμένων
586 2483 752 2570 πράττειν,
767 2485 829 2548 lece
844 2492 878 2548 ut
891 2491 992 2548 nostro
1008 2493 1103 2548 aelate
1119 2485 1148 2547 in
1165 2484 1256 2548 Gallia
1271 2485 1366 2548 tirum
1382 2484 1459 2548 lrnud

295 2589 547 2656 contemnendum
562 2589 670 2654 dirime
682 2587 889 2652 meminimus:
906 2587 937 2651 le
952 2588 1008 2652 roi
1023 2605 1147 2670 regne,
1164 2589 1255 2653 mais
1270 2589 1297 2652 il
1312 2605 1355 2651 no
1369 2607 1460 2670 gou-

296 2713 404 2760 ιιι-ιιι
427 2717 507 2780 pas,
530 2697 610 2779 quod
630 2697 655 2760 si
677 2697 780 2762 eadem
797 2698 822 2761 is
837 2717 894 2781 qua
910 2697 995 2760 l'lato
1011 2701 1111 2760 mente
1127 2691 1215 2764 dixit,
1235 2709 1297 2755 non
1311 2699 1374 2754 crat
1389 2710 1461 2754 sune

297 2818 350 2864 coar
368 2803 639 2884 reprehenderetur.
661 2837 704 2848 -
727 2804 805 2865 Sunt
826 2811 925 2865 autem
943 2799 1102 2864 etiamalio
1118 2795 1262 2878 quaedam
1278 2795 1461 2860 inhooPla-

297 2904 374 2966 tonis
389 2905 514 2987 dialogo,
529 2922 602 2984 quae
619 2903 730 2966 nostris
745 2903 932 2984 temporibus
946 2902 1054 2984 scripto
1069 2899 1161 2963 rideri
1176 2897 1300 2980 prosunt,
1316 2897 1462 2979 imprimis

298 3005 335 3068 rlc
360 3005 476 3070 duobus
504 3006 661 3068 bominum
684 3007 858 3086 generibus,
886 3006 992 3086 quibus
1015 3003 1158 3066 obsistere
1180 3018 1279 3082 regem
1303 3017 1464 3080 cavereque

298 3115 449 3190 oporteat.
469 3126 507 3171 ne
527 3107 658 3172 officiant
679 3108 722 3170 rei
745 3107 888 3190 publicae.
919 3107 1018 3170 Unum
1034 3119 1246 3188 geneseorum
1261 3109 1321 3175 est,
1343 3102 1409 3184 qen,
1431 3107 1465 3164 ut

299 3211 360 3292 ipse
380 3211 495 3289 εἰμ’),
523 3205 792 3292 πρασιεοιαίνεαι
813 3205 873 3290 μὲν
895 3196 980 3272 εἶναι
1003 3197 1194 3282 πολιτικοί,
1221 3197 1279 3267 καὶ
1302 3203 1465 3266 πείθουσι
1586 3211 1588 3214 ’

300 3305 459 3388 πολλούς,
486 3303 554 3375 aiod
575 3305 614 3374 δὲ
636 3302 804 3394 οὐδαμῶς,
829 3313 860 3375 1ι.
881 3333 908 3375 e.
930 3313 980 3394 quui
1001 3307 1248 3376 administrandae
1268 3306 1311 3370 rai
1332 3305 1465 3388 publicae

299 3415 451 3479 edentium
471 3413 526 3478 sibi
546 3421 684 3497 arrogant
702 3417 872 3498 multosque
893 3415 1030 3478 credulos
1045 3413 1211 3486 inveniunt,
1234 3429 1266 3474 re
1283 3427 1349 3472 vcra
1364 3417 1464 3474 autem

299 3517 336 3582 ab
360 3517 408 3582 illa
433 3517 555 3582 scientia
582 3518 668 3600 longo
694 3519 801 3582 remoti
826 3525 907 3583 aunt.
943 3519 997 3580 Sat
1016 3519 1125 3581 mullm
1145 3515 1280 3600 prolecto
1300 3513 1391 3577 etiam
1410 3512 1465 3574 hac

298 3629 394 3688 aetate
408 3629 440 3686 et
454 3621 485 3684 in
499 3621 562 3695 his,
578 3639 654 3704 quae
669 3639 749 3686 nunc
762 3628 842 3696 sunt,
859 3619 1027 3684 civilatibus
1041 3617 1140 3682 videns
1154 3619 1242 3683 huius
1256 3617 1373 3701 generis
1388 3615 1464 3698 poli·

299 3725 372 3790 ticos
386 3725 478 3790 dulsos
492 3731 522 3788 el
535 3723 731 3800 adulterinos,
747 3725 856 3808 partim
871 3723 975 3789 libellis
990 3722 1122 3808 quotidie
1136 3721 1257 3804 sparsis,
1272 3718 1381 3802 partim
1397 3735 1465 3780 ora·

299 3829 431 3894 tionibus
450 3847 511 3894 non
530 3827 621 3893 modo
640 3827 672 3892 in
690 3829 873 3912 privatorum
894 3827 1010 3893 circulis
1029 3825 1082 3916 red
1101 3825 1190 3889 ctiam
1206 3823 1237 3887 in
1251 3821 1376 3905 publicis
1391 3838 1464 3885 eon·

371 4033 412 4099 te)
423 4031 452 4084 Ρ.
465 4031 512 4085 ddi
527 4031 561 4085 Ει
576 4033 640 4088 Νῦν
650 4029 686 4088 dd
695 4047 727 4104 rs
740 4027 829 4088 διότι
841 4027 894 4086 oda
905 4027 966 4087 lm
977 4025 1148 4103 γιγνόμενος
1159 4025 1190 4086 ir
1200 4031 1261 4089 ταῖς
1273 4023 1375 4083 πόλισι
1385 4031 1466 4095 βασι·

303 4111 372 4186 διδς,
383 4109 444 4175 aios
455 4115 487 4174 ἐν
497 4113 633 4188 episoma
644 4113 797 4192 ι’μφιὶεναι,
813 4115 846 4172 ro'
857 4133 887 4173 aa
898 4119 982 4190 «ἅμα
994 4113 1080 4178 εὐθὺς
1089 4117 1137 4171 sal
1148 4111 1198 4184 ripe
1210 4111 1306 4186 ψυχὴν
1317 4112 1465 4199 διαφέρων

305 4192 357 4266 ale,
375 4199 422 4257 δεῖ
435 4201 471 4270 δὴ
487 4199 674 4264 συνελθόντας
687 4199 895 4278 ευγγρδμμιιιει
910 4197 1049 4274 γράφειν,
1065 4199 1103 4262 eir
1118 4197 1206 4268 tone,
1220 4201 1415 4270 μεναδδανεες
1430 4215 1463 4253 ro

304 4285 352 4353 τῆς
361 4281 551 4357 &asceticae
561 4291 707 4350 asbestos
718 4291 791 4360 lm.

372 4371 415 4436 2⁰)
433 4371 562 4427 1³.th
825 4375 830 4384 '
966 4373 1010 4438 21)
1028 4371 1056 4427 Ρ.
1069 4372 1119 4428 805
1131 4372 1162 4426 D.

374 4455 418 4522 22)
435 4455 466 4510 1³.
477 4455 527 4509 db!
538 4457 568 4511 0.
