3266 4958
249 1411 438 1508 SCIIOLII
471 1415 518 1507 IN
551 1415 776 1510 EURIPIDIS
807 1415 956 1532 louuu.
988 1417 1115 1510 tutu.
1133 1419 1178 1511 II.

100 1654 105 1666 '
139 1687 142 1692 ¹
225 1663 259 1726 In
273 1672 493 1746 programmate
507 1665 576 1728 anni
591 1666 766 1747 superioris,
789 1685 881 1748 quum
896 1665 1007 1729 scholia
1022 1675 1122 1730 nostra
1138 1667 1169 1730 in
1184 1665 1302 1750 Euripi·

140 1765 211 1828 deae
239 1765 317 1828 lonis
342 1768 496 1848 prologum
523 1769 743 1839 exhiberemus,
767 1769 856 1832 etiam
882 1769 1009 1850 reliquas
1036 1769 1169 1832 eiusdem
1188 1769 1302 1832 laumas

141 1877 241 1950 partes
260 1869 384 1951 csrptIm
406 1869 575 1934 huiusmodi
595 1871 806 1954 scriptionibus
825 1889 881 1934 nos
901 1879 1078 1934 tractaturos
1098 1891 1164 1934 esse
1178 1869 1305 1953 prolessi

145 1989 264 2046 sumus,
285 1973 394 2054 qqupc
414 1989 475 2034 non
490 1973 650 2036 ebhomere
665 1973 796 2037 arbitrati
811 1973 848 2037 ab
863 1974 920 2038 hoc
934 1991 1041 2053 genere
1057 1972 1222 2037 libellorum
1237 1992 1305 2036 aca-

144 2073 344 2150 demicorum,
366 2075 392 2138 si
412 2075 508 2157 qualia
526 2075 557 2138 in
572 2075 682 2138 scholis
696 2094 713 2138 a
728 2075 968 2158 praeceptoribus
983 2075 1057 2137 tradi
1071 2075 1218 2150 solerent,
1237 2075 1306 2139 talia
1405 2157 1406 2162 ἵ

144 2176 269 2240 subiude
285 2178 375 2240 ctiam
391 2178 505 2260 publice
521 2178 723 2260 cognoscenda
738 2186 984 2260 proponerentur.
1014 2177 1106 2258 Igitur
1120 2177 1150 2241 ln
1165 2177 1223 2242 lroc
1236 2197 1307 2260 pro·

144 2285 307 2362 grammate
317 2281 464 2345 canticum
477 2280 555 2344 lonis
567 2281 636 2344 illud
646 2281 913 2364 interpretaIsImur,
924 2279 1002 2361 quod
1013 2286 1058 2342 est
1069 2301 1086 2344 a
1098 2299 1123 2343 ν.
1137 2279 1177 2344 83
1189 2280 1225 2343 ad
1239 2279 1307 2344 183.

231 2383 368 2446 Procedit
382 2383 436 2447 Ion
452 2401 571 2448 summo
587 2403 674 2448 mane
689 2384 808 2448 neocori
820 2383 918 2446 edicio
928 2381 1096 2459 functurus,
1111 2382 1307 2466 quemadmo·
1347 2367 1354 2376 ’

146 2483 217 2549 dum
233 2486 263 2549 in
278 2487 399 2568 prologo
416 2485 577 2550 Mercurius
592 2485 775 2568 praedixerat
790 2505 816 2548 ι.
833 2484 890 2548 78:

242 2579 328 2672 ‘Opo'i
351 2583 413 2672 peip
435 2581 629 2670 ἐκβαίνοντα
649 2581 785 2666 Λοξίου
807 2581 903 2669 γόνον

246 2681 349 2770 τόνδ’,
371 2681 417 2768 ὠς
438 2685 504 2774 πρὸ
526 2685 605 2754 ναοῦ
627 2686 765 2774 λαμπροὶ
787 2686 837 2775 θῇ
858 2683 1041 2772 κοιλώματα

190 2847 192 2850 .
247 2785 375 2880 δάφνης
396 2787 579 2856 κλάδοισιν.

147 2894 199 2960 sed
219 2897 298 2960 unde
314 2897 453 2979 procedat
467 2913 527 2960 non
542 2897 614 2960 sotis
629 2895 736 2980 liquet3
756 2897 813 2960 hoo
827 2905 927 2960 temen
943 2895 1132 2960 manifestum
1147 2915 1213 2960 esse
1228 2895 1308 2960 eide·

147 3007 211 3074 tur,
237 2990 430 3080 ἐκβαίνοντα
457 2999 514 3064 dici
534 3017 595 3064 non
615 3001 763 3083 potuisse,
785 2999 840 3064 nisi
859 3009 911 3064 aut
931 3020 967 3062 ex
987 3001 1051 3083 ipso
1071 3001 1182 3083 templo
1201 3009 1253 3064 aut
1273 3019 1309 3063 es

124 3103 246 3192 ¹aliquo
271 3103 365 3167 vicino
393 3103 561 3167 habitaculo
585 3103 692 3176 exiret,
717 3103 812 3184 qualis
832 3103 863 3165 in
881 3098 1078 3186 περιβόλοις
1095 3123 1120 3167 s.
1143 3103 1310 3185 consaeptis

146 3205 327 3286 templorum
347 3207 549 3270 sacerdotibus
569 3225 604 3270 ac
619 3205 759 3268 ministris
774 3205 919 3268 destinata
933 3205 1024 3268 tonse
1039 3215 1155 3268 constat
1166 3209 1204 3286 ¹).
1235 3205 1310 3268 Nam

147 3305 172 3369 si
187 3326 222 3370 ex
238 3307 367 3372 convalle
382 3309 563 3391 propinqua,
579 3307 629 3371 ubi
644 3307 717 3370 lauri
731 3325 831 3370 ramos
846 3307 883 3371 ad
900 3307 1072 3371 terrendam
1090 3307 1312 3388 ornandamque

146 3427 245 3492 aream
270 3409 462 3494 decerpserit,
487 3411 518 3474 in
544 3402 664 3474 scenam
690 3410 886 3492 prodeuntem
913 3409 1075 3474 llercurius
1099 3410 1312 3494 conspexisset,

147 3511 273 3574 dubitari
292 3529 352 3575 uon
372 3521 471 3596 potest
491 3511 564 3596 quin
583 3511 640 3576 alio
660 3530 751 3594 quam
771 3505 936 3594 ἐκβαίνειν
957 3513 1046 3577 uerbo
1068 3531 1177 3577 usurus
1197 3513 1313 3577 luisset.

146 3613 225 3678 Nihil
245 3623 345 3680 autem
362 3615 473 3691 obstat,
494 3633 555 3699 quo
570 3615 698 3679 minuse
713 3617 824 3698 templo
839 3616 1036 3698 prodeuntem
1051 3617 1232 3698 cogitemus,
1252 3615 1313 3680 sira

145 3719 177 3784 in
191 3741 227 3785 oo
243 3720 470 3805 pemoctaeerit,
485 3719 555 3796 sire,
571 3719 652 3804 quod
668 3717 728 3782 seri
742 3717 868 3782 similius
883 3719 1008 3796 videtur,
1024 3731 1092 3784 onte
1107 3739 1197 3804 quom
1212 3736 1312 3783 aream

146 3833 290 3900 verreret,
322 3823 377 3907 ipsi
407 3823 519 3908 templo
550 3822 694 3888 verrendo
728 3831 819 3906 atque
844 3823 1013 3886 exornando
1039 3842 1161 3908 opernm
1187 3823 1313 3888 dederit.
1361 3813 1365 3822 ’

146 3927 256 3992 llamos
267 3936 377 4004 autem,
389 3927 497 4010 quibus
508 3925 610 3999 utitur,
623 3925 723 3990 itidem
736 3936 770 3990 ut
780 3945 887 4011 aquarn
898 3927 1064 3991 ecastalise
1073 3927 1156 3990 ionte
1165 3928 1312 4002 heustam,

146 4049 203 4113 qua
224 4049 295 4094 naor
317 4047 416 4094 ereum
436 4029 618 4112 conspergit,
639 4029 710 4092 nillil
725 4047 801 4112 opus
815 4039 880 4094 erat
892 4029 991 4112 ipsum
1006 4049 1043 4094 es
1058 4031 1225 4114 propinqua
1239 4047 1314 4096 oon·

144 4133 218 4196 mlle
238 4141 356 4216 petere:
376 4137 460 4198 eram
478 4132 542 4196 sins
561 4131 652 4197 dubio
674 4132 786 4216 aliquot
805 4132 952 4197 interioris
968 4133 1081 4198 ordinis
1096 4134 1241 4210 ministri,
1260 4133 1314 4217 qai

144 4235 290 4300 eiusmodi
304 4235 404 4300 labore
417 4235 620 4320 Iungerentur.

214 4460 239 4526 l)
257 4455 302 4513 ct·
310 4457 382 4514 (ilas.
395 4459 427 4512 ds
438 4473 468 4512 rs
479 4458 635 4512 uesrdotali
646 4455 738 4511 unse
751 4471 776 4524 p.
788 4459 822 4511 tt
834 4463 861 4510 st
872 4464 955 4510 aute.
967 4455 1148 4528 asuguugs.
1160 4457 1189 4512 ll.
1201 4475 1226 4527 p.
1237 4457 1297 4512 ll&
