3166 4962
754 421 905 524 *ss—a—

241 614 319 696 quod
334 615 446 698 plenius
460 613 617 678 dicendum
632 615 711 680 ieret
725 616 757 680 si
775 616 914 700 absque
934 623 969 678 te
988 621 1105 688 esset,
1125 615 1197 697 quid
1213 615 1334 681 tandem
1350 616 1407 681 sibi

240 717 302 780 ruit
319 717 416 781 addita
437 717 646 798 praepositioni
665 719 807 803 particula
831 716 923 802 quei
951 717 1056 780 Nonne
1081 717 1152 781 satis
1172 727 1252 782 erat:
1282 721 1349 784 abs
1373 727 1408 784 ta

240 817 360 884 esset?
390 819 519 882 Dubitari
540 820 618 882 enim
642 838 703 882 non
726 831 839 904 potest,
861 822 933 904 quin
953 821 1015 884 sola
1033 820 1216 904 praepositio
1232 823 1290 885 boc
1304 841 1406 900 sensu,
1496 877 1503 889 .

239 932 274 987 ut
288 933 366 987 esset
380 923 457 986 idom
473 924 534 986 lere
550 922 629 1005 quod
646 924 742 999 sine,
759 923 907 988 sullererit
917 925 956 1003 ο).
987 923 1091 1006 ltaque
1107 933 1159 986 aut
1174 944 1242 988 eum
1259 926 1407 990 ueteribus
1501 965 1503 970 .

240 1026 438 1110 grammaticis
453 1025 619 1090 additioiam
636 1037 751 1092 tantum
766 1028 907 1112 syllabam
923 1025 1032 1089 nullius
1048 1025 1208 1112 probabilis
1219 1027 1409 1110 significatio·

239 1132 286 1196 nis
301 1151 365 1195 esse
379 1131 544 1205 credemus,
560 1140 621 1206 aut,
636 1131 662 1194 si
677 1132 706 1195 id
722 1151 783 1196 non
798 1134 904 1216 placet,
919 1149 1072 1214 -neque
1087 1131 1225 1214 cuiquam
1242 1131 1330 1194 bodie
1344 1133 1407 1214 pla·

240 1236 368 1300 citurum
395 1235 498 1310 eredo,
519 1268 560 1282 -
581 1235 610 1298 in
638 1235 701 1318 ipso
728 1237 777 1301 illo
799 1255 870 1319 que
890 1237 948 1298 vim
969 1235 1119 1318 quandam
1140 1255 1206 1299 esse
1221 1235 1408 1300 censebimus

239 1339 455 1402 coniunctionis
469 1339 684 1412 conditionalis,
704 1347 736 1402 et
749 1340 888 1423 absque
908 1349 943 1402 te
962 1320 1112 1402 esset're
1128 1337 1192 1424 ipsa
1207 1339 1284 1402 idem
1301 1341 1407 1415 valere,

239 1441 318 1524 quorl
339 1441 369 1505 si
391 1441 452 1503 abs
475 1449 511 1504 te
532 1451 642 1504 esset.
675 1443 755 1507 llonc
775 1445 813 1508 ob
828 1461 948 1506 causam
964 1461 1019 1523 eqo
1033 1441 1106 1504 illml
1122 1461 1190 1525 que
1205 1441 1235 1505 in
1250 1442 1407 1524 absque,

239 1545 340 1608 itidem
361 1553 395 1607 ut
414 1543 445 1606 in
465 1543 647 1626 donique,
671 1565 725 1629 pro
747 1565 857 1629 quum
877 1545 1079 1630 accipiendum
1096 1565 1161 1610 esse
1178 1545 1283 1620 statui,
1311 1562 1408 1626 nequo

238 1666 342 1712 vereor
356 1667 394 1712 ne
410 1647 475 1730 quis
491 1647 618 1722 obiiciat,
634 1669 764 1732 quum,
785 1649 810 1712 si
826 1668 881 1734 pro
896 1649 1034 1714 adverbio
1049 1658 1145 1722 essct,
1160 1648 1366 1732 temporalem,
1382 1648 1409 1713 si

238 1771 294 1836 pro
315 1751 538 1826 coniunctione,
560 1754 707 1816 causalem
727 1753 882 1816 autetiam
898 1753 1115 1825 concessivam,
1137 1770 1291 1835 nunquam
1308 1761 1407 1816 autem

241 1855 467 1920 conditionalem
483 1857 726 1938 significationem
742 1857 861 1920 babere.
884 1857 958 1918 Nam
974 1865 1020 1919 est
1035 1857 1153 1939 quidem
1167 1875 1277 1939 quum
1291 1857 1409 1941 proprie

240 1958 420 2043 temporale3
439 1961 491 2021 sed
512 1979 602 2042 quom
618 1959 701 2023 laeile
716 1979 784 2023 cum
801 1961 955 2042 temporali
969 1960 1059 2023 etiam
1075 1959 1280 2022 conditionalis
1295 1961 1408 2041 signill-

242 2063 318 2126 catio
337 2061 496 2126 misceatur
517 2064 563 2124 sel
578 2073 681 2126 noster
696 2082 796 2126 sermo
813 2064 924 2144 patrius
940 2063 1096 2127 ostendere
1111 2073 1219 2146 potest,
1240 2063 1291 2144 qui
1308 2081 1409 2125 menn

241 2167 316 2243 (non
338 2165 485 2230 diversum
506 2166 575 2230 illud
598 2167 635 2230 ab
655 2187 691 2230 eo
706 2167 786 2250 quod
802 2175 848 2231 est
863 2185 983 2242 trann,
1005 2168 1072 2230 licet
1086 2185 1166 2230 nunc
1181 2184 1253 2229 uates
1268 2165 1408 2248 loquendi

240 2268 434 2346 distinxerit),
461 2287 514 2351 pro
539 2269 726 2332 conditionali
747 2270 955 2333 coniunctione
974 2287 1036 2333 non
1057 2269 1142 2332 aliter
1161 2287 1251 2350 quam
1267 2288 1321 2342 so,
1345 2289 1409 2332 so·

239 2373 336 2446 icrn,
352 2381 493 2454 ustttpal3
510 2381 539 2434 et
553 2374 630 2454 aptutl
643 2375 770 2437 Graecos
785 2392 905 2457 quoque
921 2391 1135 2454 nonnunquam
1150 2365 1206 2434 ὅτι
1217 2371 1408 2436 conditionali

240 2479 339 2564 potius
365 2497 455 2560 quam
478 2475 635 2559 temporali
657 2476 868 2558 significatione
888 2477 944 2540 dici
964 2475 1109 2540 ridemus.
1146 2475 1212 2538 lien
1233 2475 1409 2539 mirabimur
1529 2485 1532 2490 '

240 2601 318 2664 ergo,
333 2583 422 2645 ctiam
437 2579 467 2644 in
483 2580 580 2662 priseo
595 2597 734 2644 sermone
749 2581 837 2644 latine
853 2599 960 2663 quum
976 2579 1019 2642 sie
1033 2588 1220 2662 usurpatum,
1235 2589 1324 2661 atquc
1337 2579 1406 2644 bine

115 2699 118 2704 '
239 2685 349 2750 laetum
366 2705 441 2759 esse,
456 2693 490 2747 ut
505 2683 731 2747 breriertocula
747 2703 813 2766 que
829 2684 960 2747 eiusdem
976 2694 1007 2747 et
1020 2684 1121 2766 stirpis
1135 2691 1165 2746 et
1175 2683 1405 2766 significationis,

240 2808 308 2853 cum
327 2787 542 2872 praepositione
557 2787 621 2850 abs
636 2787 792 2850 coniuncta
807 2787 912 2850 eodem
928 2806 1018 2850 sensu
1034 2788 1190 2860 diceretur,
1203 2805 1262 2869 quo
1276 2787 1307 2849 si
1322 2785 1406 2848 abs·
1473 2821 1476 2827 ,

240 2901 291 2955 aut
311 2893 342 2954 si
361 2889 527 2953 sine-diri
547 2889 700 2972 potuisset.
731 2889 806 2952 liam
826 2889 990 2973 postposita
1013 2889 1223 2970 praepositioni
1238 2887 1408 2952 coniunctio

123 3035 124 3038 =
240 2995 406 3069 neminem,
429 3012 533 3078 spero,
557 2993 694 3056 obortum.
724 2992 885 3073 Flagitabat
904 2992 983 3054 enim
1006 2993 1251 3076 postpositiooem
1273 2990 1407 3054 enclitiea

241 3098 306 3163 eius
332 3107 454 3171 naturae
479 3107 567 3180 atque
588 3097 709 3160 ormino
729 3096 832 3160 breves
854 3096 997 3177 quasdam
1019 3095 1192 3178 particulas,
1219 3096 1310 3158 otiam
1332 3112 1408 3177 quae

241 3220 304 3266 non
319 3211 389 3264 sunt
402 3209 507 3264 natura
522 3201 681 3274 enclitieae,
698 3199 793 3264 Latini
808 3199 871 3262 aliis
887 3199 1035 3264 vocabulis
1053 3208 1233 3282 postponere
1248 3207 1358 3272 amant,
1374 3205 1409 3261 nt
1496 3241 1499 3258 .

241 3305 449 3379 nobiseum,
472 3311 607 3378 tecum,
628 3311 866 3386 quapropter,
887 3302 1076 3384 quocirca,
1098 3303 1218 3385 quoad
1235 3312 1303 3376 eto,
1318 3321 1356 3364 ne
1372 3301 1409 3364 de

242 3410 273 3474 si
294 3409 407 3484 dicam,
429 3407 576 3490 negationi
598 3408 777 3492 postposito,
799 3407 830 3470 in
850 3406 938 3480 nisi,
960 3406 1039 3488 quod
1061 3424 1120 3488 quo
1141 3405 1231 3468 modo
1246 3405 1410 3469 accuratior

240 3531 315 3578 usus
330 3512 469 3594 loquendi
483 3531 500 3574 a
515 3511 545 3575 si
561 3529 632 3575 non
643 3511 819 3586 distinxerit,
835 3509 907 3574 nibil
918 3511 954 3574 ad
966 3511 1043 3574 bane
1054 3509 1257 3594 quaestionem
1270 3509 1409 3594 pertinet.

235 3705 244 3725 ¹
309 3701 335 3766 ὓ)
353 3698 458 3770 Aliquot
475 3699 592 3768 exempla
610 3700 807 3770 praepositionis
820 3700 858 3753 sie
870 3707 1018 3768 usurpatas,
1039 3698 1144 3752 stidore
1158 3695 1322 3767 irrerebat,
1343 3697 1408 3766 quod

241 3789 325 3855 siaa,
337 3787 387 3840 aid.
401 3803 442 3854 ap.
456 3784 762 3854 liciniano-Peerlkamp.
774 3788 805 3840 ad
819 3788 908 3841 llorat.
922 3788 968 3842 od.
981 3787 1024 3852 tv,
1041 3787 1066 3852 «l,
1082 3787 1121 3840 ll.
1147 3785 1301 3855 Quamquam
1313 3793 1372 3839 anot
1384 3785 1410 3838 in

241 3875 280 3928 bia
292 3875 377 3938 etiaat,
389 3889 453 3943 qaas
465 3875 546 3928 miuus
559 3883 629 3928 reete
642 3878 689 3928 bue
701 3877 845 3941 trahantur,
858 3875 929 3928 velot
941 3874 998 3928 Val.
1010 3873 1094 3927 iliaco.
1107 3869 1220 3941 septb,
1232 3872 1292 3940 sut,
1304 3873 1348 3926 ubl
1360 3889 1411 3926 noa

241 3961 279 4014 ab
299 3961 380 4013 amal
401 3969 546 4014 armento
569 3961 747 4028 nutrierat,
769 3963 814 4016 sed
835 3962 925 4014 tlivcs
946 3961 982 4014 ab
1003 3961 1084 4014 omni
1106 3967 1251 4013 armante
1269 3976 1332 4013 vera
1349 3977 1412 4014 con·

241 4047 353 4100 structio
365 4055 415 4110 eat,
426 4048 630 4115 quenadmodum
644 4049 691 4100 ἰιιιι
704 4048 860 4102 Burmannus
873 4049 981 4102 noscite
1001 4048 1060 4100 itera
1073 4049 1139 4116 apud
1151 4047 1246 4116 liiotpa
1258 4047 1289 4100 ds
1302 4049 1325 4100 b.
1338 4046 1410 4100 Troi.

242 4131 329 4199 tusa:
346 4131 487 4188 necasti
505 4133 730 4204 laireqnsntes
747 4145 810 4189 tan
828 4134 1206 4204 incuriosiqusabsrrnia
1219 4134 1412 4187 turbariam.

243 4219 329 4272 masis
345 4235 377 4272 aa
391 4221 488 4274 rectius
505 4223 664 4276 incuriosi
682 4225 719 4276 ab
731 4223 830 4290 armis
842 4221 894 4275 clici
905 4229 1061 4288 statuantur,
1074 4221 1117 4290 qui
1129 4221 1161 4274 ab
1173 4222 1253 4276 artatis
1265 4219 1328 4273 nilail
1341 4219 1411 4287 peri·

243 4306 294 4359 culi
310 4321 368 4359 essa
384 4307 584 4376 suspicarentur,
601 4325 687 4380 quana,
709 4327 765 4364 esra
782 4308 874 4375 Holus..
894 4309 930 4362 ab
947 4309 1042 4363 aratis
1060 4323 1118 4363 essa
1130 4309 1148 4363 i.
1161 4325 1185 4378 q.
1199 4309 1269 4362 siaa
1280 4309 1377 4362 arnis
1388 4323 1411 4360 ι.

243 4400 389 4455 ὶιιιιιιι.
401 4423 435 4468 -‚-
447 4393 566 4450 Cctersto
578 4413 592 4450 a
603 4396 693 4450 littera
706 4397 731 4452 ia
742 4399 799 4452 abs
811 4397 978 4467 comparanda
990 4406 1032 4452 est
1043 4413 1099 4452 osas
1112 4397 1198 4452 estlear
1210 4396 1236 4450 lo
1249 4413 1284 4450 os
1297 4400 1345 4464 (pr.
1355 4379 1412 4450 obs)

241 4497 295 4622 qas
308 4482 439 4623 (ξὲὸιιιι)
450 4483 626 4554 adverbilsqsc
638 4484 763 4540 localibus
775 4485 835 4556 cis,
848 4486 911 4554 sla,
923 4494 1028 4554 trasa,
1039 4487 1070 4541 de
1081 4486 1173 4558 quibus
1184 4482 1410 4539 nosultcsrases.

265 4585 300 4640 a·
364 4605 372 4622 ·
