3182 4962
243 737 321 782 meo
337 719 453 802 ipsius
468 717 605 787 lruclu.
649 723 691 786 llc
705 721 839 796 nolite,
855 738 1006 802 quaeso,
1021 719 1137 784 irasci
1152 737 1236 786 rera
1256 721 1414 794 dicenti:

243 840 348 886 namo
369 823 539 904 prolecto
560 826 774 890 mortalium
794 824 922 890 salvus
943 823 1030 897 erit,
1053 823 1118 906 qui
1140 832 1203 888 aut
1225 826 1332 890 robis
1355 835 1417 891 aut

244 923 414 1006 cuiquam
439 925 682 990 multitudini
710 928 867 992 lortiter
885 926 1046 990 obsistat
1066 928 1256 1009 multaque
1277 937 1415 994 contra

242 1027 300 1090 ius
326 1027 456 1108 larque
485 1028 520 1090 in
548 1027 705 1092 civitate
735 1049 781 1094 ne
810 1031 904 1093 liant
933 1029 1118 1112 impedire
1149 1039 1321 1104 conetur,
1350 1031 1415 1094 scd

245 1147 404 1192 necesse
435 1139 492 1194 est
520 1139 559 1194 ut
586 1132 646 1214 qui
677 1133 848 1197 iustitiae
880 1141 916 1194 et
942 1132 1144 1214 aequitatis
1178 1151 1325 1196 causam
1355 1134 1415 1196 de·

242 1233 387 1303 tendat.
422 1233 452 1296 si
490 1235 548 1298 rel
577 1235 788 1316 pauxillum
819 1235 1005 1319 temporis
1041 1234 1172 1298 salvus
1198 1255 1281 1299 esse
1309 1234 1415 1310 velit,

242 1335 740 1421 priuatimaqalnequcrena
762 1339 1129 1421 publicamattinqat.
1173 1337 1416 1421 sicigituriudi·

243 1439 350 1504 cabant
370 1441 420 1522 qui
440 1441 518 1504 inter
533 1441 726 1504 Athenienses
742 1441 796 1524 ipsi
813 1442 962 1504 aixerunt:
979 1459 1108 1524 quorum
1124 1441 1238 1504 iudiciis
1254 1451 1416 1522 quantum-

243 1545 286 1608 vis
298 1543 404 1627 aliquia
418 1545 538 1626 deroget
554 1546 688 1626 malaque
703 1545 741 1608 ab
756 1546 890 1628 iissupra
900 1544 1051 1607 veritatem
1064 1553 1244 1627 exaggerata,
1260 1543 1338 1606 bona
1353 1543 1415 1606 dis·

243 1647 381 1712 simulata
401 1667 467 1710 esse
486 1649 563 1712 dicat
584 1681 624 1696 —
645 1649 674 1712 id
697 1649 776 1732 quod
801 1648 940 1731 equidem
967 1666 1038 1712 sane
1057 1651 1192 1711 omniurn
1213 1647 1417 1712 lubentissime

243 1752 385 1821 concedo.
395 1751 515 1816 -illud
531 1761 632 1816 tamen
647 1773 715 1816 meo
730 1753 794 1817 iure
808 1753 881 1816 milri
896 1753 1044 1816 alllrmare
1059 1771 1146 1836 posse
1162 1753 1273 1827 videor,
1288 1750 1416 1816 salubri-

244 1876 327 1921 orem
349 1857 479 1920 loturam
499 1857 590 1920 luism
610 1857 723 1922 Atticae
745 1857 789 1922 rei
810 1857 943 1941 publicae
962 1857 1249 1922 administrationem
1272 1857 1298 1920 si
1319 1855 1417 1918 minor

244 1963 350 2027 luisset
369 1961 470 2046 populi
490 1961 609 2026 libertas
630 1962 674 2026 vel
695 1961 796 2047 potius
817 1961 946 2036 licenda,
980 1971 1009 2024 et
1028 1961 1154 2025 salubris
1169 1961 1216 2024 illa
1231 1959 1417 2044 temperatio,

246 2067 340 2149 qualis
354 2067 411 2130 luit
432 2075 498 2147 post
513 2067 654 2128 Solonem
676 2075 706 2128 ct
721 2066 916 2141 Clisthenem,
938 2083 1031 2148 quum
1053 2074 1085 2136 in
1104 2065 1240 2146 populari
1257 2064 1354 2127 lorma
1375 2063 1419 2128 rei

245 2170 378 2252 publicae
393 2169 554 2252 plurimum
575 2169 684 2232 valeret
703 2169 886 2250 optimorum
911 2167 1070 2232 auotoritas
1097 2177 1235 2248 essetque
1255 2167 1338 2249 quasi
1359 2166 1419 2230 ari·

245 2273 401 2338 stomatice
418 2273 560 2356 quaedam
584 2272 779 2346 democratia,
806 2270 916 2334 diutius
938 2271 1058 2334 retineri
1077 2269 1271 2354 potuisset⁸).
1315 2268 1419 2352 Neque

161 2441 169 2450 ,
246 2395 314 2440 vero
330 2377 418 2440 ullam
439 2377 524 2440 aliam
541 2394 604 2439 rem
621 2375 784 2460 publicam,
802 2374 834 2438 in
849 2393 907 2457 qua
922 2373 1023 2458 populi
1038 2373 1095 2436 luit
1110 2373 1287 2456 imperium,
1310 2373 1418 2437 melius

246 2499 335 2563 quam
350 2481 475 2545 Atticam
491 2480 726 2544 administratam
742 2479 892 2543 asseratis
907 2487 1033 2552 constat,
1049 2494 1146 2560 neque
1160 2477 1253 2541 ullum
1265 2496 1331 2540 esse
1346 2485 1418 2559 puto

244 2585 323 2648 inter
337 2595 450 2648 veteres
467 2601 528 2647 non
543 2583 634 2646 modo
647 2583 841 2667 philosophos
855 2582 907 2646 sed
923 2583 1013 2646 etiam
1029 2600 1129 2646 rerum
1151 2581 1327 2662 scriptores,
1346 2580 1419 2663 quin

248 2687 458 2752 democratiam
478 2687 533 2752 sili
560 2687 722 2772 improbari
746 2687 884 2750 ostendat
908 2685 984 2749 hanc
1002 2685 1040 2748 ob
1060 2703 1195 2759 eausam,
1214 2684 1294 2767 quod
1309 2684 1419 2748 nullius

246 2810 378 2878 unquam
395 2793 437 2856 rei
453 2793 585 2878 publicae
600 2793 656 2856 sub
671 2792 795 2876 irnperio
815 2790 950 2876 populari
969 2799 1081 2854 statum
1101 2789 1221 2852 drmum
1237 2808 1272 2852 ac
1286 2807 1354 2852 rere
1369 2809 1418 2852 sa·

249 2897 364 2961 lubreru
381 2897 472 2961 luisse
488 2897 601 2961 viderit.

333 3001 462 3066 Tantum
479 3003 516 3066 de
531 3002 694 3066 veteribus:
714 2999 766 3064 sed
789 3000 930 3084 quoniam
946 2998 983 3064 de
998 3007 1118 3064 nostrae
1132 2997 1237 3062 aetatis
1251 2997 1417 3063 rationibus

248 3105 414 3170 Schmidtio
429 3106 551 3189 aliisque
566 3105 630 3169 sine
646 3105 736 3170 dubio
753 3105 887 3190 plurimis
903 3105 1002 3168 minus
1017 3113 1097 3168 recte
1112 3101 1223 3167 sentiro
1244 3103 1359 3178 videor,
1381 3101 1418 3168 do
1449 3087 1451 3092 ¹

247 3209 295 3273 his
309 3229 429 3292 quoque
445 3209 554 3292 aliquid
569 3210 726 3274 dicendum
742 3211 807 3274 erit.
830 3209 897 3274 Non
908 3229 957 3272 me
972 3209 1047 3290 legit
1062 3208 1195 3290 prolecto
1210 3205 1302 3270 nimio
1318 3209 1418 3289 plures

246 3314 335 3378 hodie
351 3313 549 3376 democratiae
571 3325 717 3376 amatores
731 3322 762 3376 et
781 3331 941 3396 praecones
955 3329 1035 3376 esee:
1055 3311 1108 3373 aad
1124 3309 1230 3373 horum
1251 3311 1418 3396 plerosquo,

247 3437 341 3501 quum
357 3417 521 3482 accuratius
536 3415 664 3499 inquiro,
681 3415 750 3498 quid
767 3415 806 3477 sit
816 3415 995 3478 democratia
1006 3415 1052 3478 vix
1065 3414 1222 3497 ipsossatia
1233 3414 1417 3496 exploratum

248 3533 497 3606 perspectumque
518 3520 627 3605 haltere
647 3519 831 3584 crediderim.
876 3521 926 3583 Sic
944 3520 1025 3583 euim
1044 3519 1107 3583 lieri
1122 3518 1199 3582 solet
1213 3517 1243 3580 in
1257 3517 1418 3600 peregrinis

248 3625 415 3702 vocabulis,
436 3633 470 3688 ut
484 3625 542 3688 cim
558 3642 662 3688 eorum
673 3643 709 3688 ac
722 3623 965 3707 significationem
982 3641 1038 3688 suo
1053 3624 1107 3688 sibi
1123 3623 1251 3706 quisque
1266 3621 1356 3684 modo
1371 3620 1418 3685 in·

248 3730 369 3806 lormet,
384 3746 440 3792 nec
455 3729 563 3792 mirum
572 3729 650 3813 apud
658 3728 824 3814 imperitam
840 3727 1062 3792 multitudinem
1076 3735 1111 3791 ut
1125 3727 1250 3808 quisque
1265 3725 1417 3788 conliden-

249 3869 452 3887 μ

318 3959 344 4025 d)
363 3957 565 4027 quoaparlor
586 3947 787 4028 ἀριστοκρατίᾳ
804 3955 957 4028 χρωμένην
971 3953 1033 4006 dicit
1050 3949 1178 4006 lraerrtsr
1196 3947 1303 4002 Panrtl.
1317 3963 1342 4016 p.
1359 3948 1418 4015 259,

249 4047 280 4104 lt.
291 4046 317 4118 ἦ.
331 4047 389 4100 lot.
413 4043 496 4098 litiano
512 4043 537 4098 io
551 4041 617 4097 i‘lat.
629 4041 769 4096 Manassae
782 4059 806 4112 ρ.
821 4043 872 4098 238
888 4060 910 4097 c.
926 4041 1081 4097 democratia
1097 4038 1192 4094 dlcitor
1207 4031 1267 4110 μετ
1291 4033 1419 4098 εὐδοξίας

249 4129 378 4203 πλήθους
393 4128 610 4206 ἀριστοκρατία,
630 4132 717 4184 mom
729 4147 815 4198 moso,
827 4149 876 4200 qao
888 4129 1048 4202 Thucydidas
1060 4127 1088 4195 ll,
1101 4127 1134 4180 oo
1146 4125 1193 4180 suls
1206 4121 1305 4176 Perlels
1318 4122 1418 4176 uomina

250 4221 349 4289 quidem
365 4217 556 4285 democratiam,
574 4233 603 4272 re
619 4233 681 4271 vere
699 4226 782 4271 eutem
799 4219 874 4270 unlus
892 4217 981 4284 optimi
997 4215 1048 4268 viri
1059 4211 1268 4282 gubernationem
1282 4208 1361 4264 luisse
1373 4211 1418 4263 ait.

250 4307 285 4360 Et
296 4307 416 4358 Socrates
433 4305 469 4359 llti
481 4303 606 4373 Aspasiae
622 4319 650 4358 rs
667 4303 746 4356 rerba
765 4300 864 4357 referre
880 4305 967 4356 dieser
983 4317 1007 4369 p.
1026 4300 1077 4352 236
1094 4315 1118 4352 τ.
1136 4297 1344 4370 περιλείμματτι
1356 4299 1417 4348 lese

251 4407 309 4444 essa
317 4391 355 4444 ait
364 4407 396 4444 ax
406 4407 436 4444 ea
446 4391 571 4456 orations,
580 4405 652 4461 quan
662 4389 761 4444 Pericle
771 4391 911 4458 sapersllts
920 4405 949 4442 ee
959 4383 1138 4454 composuerit
1156 4383 1271 4450 llsaiqos
1280 4381 1419 4435 Periander

252 4492 294 4545 ιρ.
307 4476 434 4530 Platarelt.
446 4477 516 4546 Sept.
533 4492 586 4545 rap.
601 4490 676 4530 cerr.
689 4491 715 4546 ρ.
730 4477 779 4530 tol
794 4491 849 4530 ean
865 4473 1045 4530 omousion
1057 4469 1176 4540 epdrsan
1188 4469 1261 4536 dicit,
1272 4473 1418 4539 quassaret

250 4563 430 4620 ιτίτιτττιιίιτ
440 4563 565 4631 proxins.
