3186 4958
643 513 647 520 .
695 421 755 520 eu

137 607 254 673 dentur.
283 611 325 674 bc
339 609 469 692 primum
485 609 604 692 quidem
620 611 650 674 in
664 631 699 674 en
715 617 807 694 parte,
823 609 874 673 ubi
886 610 996 674 cborus
1010 629 1201 694 summopere
1215 631 1247 674 sc
1259 609 1307 673 in·

139 711 250 794 ‹tignari
266 713 431 794 profitetur,
447 731 539 795 quum
556 732 642 776 sones
662 714 843 796 grandaeuos
858 731 892 776 ac
907 713 1070 795 rterrepitos
1084 714 1121 776 ab
1132 713 1306 776 adolescen-

139 815 218 878 tibus
232 817 451 880 amusatoribus
467 817 496 878 in
511 817 557 878 ius
572 815 668 879 uocari
683 815 840 898 conarique
856 815 961 888 rideat,
977 815 1006 878 in
1022 835 1108 880 rcrsu
1125 815 1198 888 685,
1224 887 1239 906 ᾗ

339 909 359 982 d
381 911 420 981 dd
441 918 569 996 νεανίας
591 910 701 1004 inrupi
722 911 919 992 σπουδάσας
940 915 1135 1002 ξουργορείν,

139 1021 246 1105 ambigi
262 1029 369 1106 potest,
385 1021 626 1104 coniungendam
647 1023 707 1086 sint
721 1021 808 1086 rerba
828 1013 848 1084 d
871 1015 909 1084 de*
931 1013 1068 1098 νεανίας,
1090 1033 1124 1084 ut
1144 1011 1163 1084 ὁ
1187 1039 1241 1104 pro
1257 1037 1307 1084 ar·

139 1126 230 1190 ticuto
244 1126 418 1210 accipiatur,
440 1125 612 1208 dicaturque
632 1125 804 1190 adolescens
824 1125 945 1188 annisus
967 1143 1049 1196 esse,
1075 1135 1109 1188 ut
1128 1117 1307 1210 συνργίρου

140 1247 250 1293 munus
264 1229 319 1292 sibi
335 1228 539 1308 demandetur,
554 1247 592 1294 nn
607 1229 706 1312 potius
722 1221 742 1292 ὁ
759 1222 797 1293 ὀί
812 1227 1034 1292 domonstrativi
1050 1228 1237 1310 pronominis
1248 1229 1306 1291 rirn

139 1331 246 1395 babeat
261 1337 334 1415 (qaro
349 1351 438 1396 sensu
454 1351 489 1395 cx
504 1332 782 1416 probatissimorum
797 1331 1056 1415 grammaticorum
1072 1341 1205 1394 soterum
1221 1349 1306 1414 parac-

53 1503 56 1512 ,
140 1423 263 1520 ceptoii
285 1429 324 1500 δέ
336 1433 525 1500 scribendum
548 1437 673 1514 αἰνὴ).
695 1433 825 1511 νεανίας
844 1445 944 1498 autern
965 1453 1026 1498 non
1048 1435 1247 1498 nominatis-us
1266 1433 1305 1498 sit

141 1541 192 1604 sed
208 1539 388 1604 accusativus
404 1539 539 1624 pturatis,
565 1540 737 1624 dicaturque
757 1547 919 1612 accusator,
940 1539 1004 1602 sedo
1027 1537 1204 1622 pronomine
1224 1525 1246 1599 ii
1267 1531 1307 1602 δέ

141 1644 323 1726 designatus,
344 1663 464 1710 surnnto
486 1643 585 1708 studio
605 1644 808 1717 contendisse,
835 1653 869 1708 ut
892 1642 1093 1706 adolescentes
1114 1642 1227 1726 aliquot
1247 1641 1308 1704 sibi

142 1742 317 1835 συνήγορον
339 1747 369 1813 h.
384 1770 411 1814 c.
427 1749 576 1814 adiutores
591 1747 797 1822 accusationis,
813 1747 1050 1830 adiungerentur.
1096 1746 1168 1810 tttud
1181 1746 1306 1810 atterunt

141 1853 302 1937 quominus
317 1853 531 1936 amplectantur
545 1854 644 1917 obstat
658 1851 812 1916 inscientia
830 1851 1001 1914 tonationis:
1021 1869 1090 1914 narn
1112 1849 1147 1912 ad
1174 1849 1308 1914 indicun-

142 1957 209 2022 dam
235 1957 393 2032 notionem,
418 1975 507 2040 quam
531 1957 636 2042 aticpuis
651 1956 707 2020 sibi
722 1955 892 2018 ‹iomandari
907 1955 998 2040 cupit,
1013 1955 1110 2017 sotuau
1128 1953 1304 2018 intinitirurn

142 2079 209 2125 cum
227 2060 406 2144 pronomine
422 2060 574 2144 reciproco
597 2079 652 2124 nec
668 2057 789 2123 memini
805 2079 853 2120 me
869 2077 1001 2140 unquam
1018 2066 1194 2141 usamentum
1211 2057 1308 2140 tegere

142 2183 198 2229 nec
219 2164 356 2246 usurpari
379 2165 508 2248 potuisse
533 2164 668 2228 arbitror.
715 2163 751 2226 Et
770 2163 862 2225 naorit
876 2163 934 2224 boc
954 2163 1078 2226 fumasse
1094 2163 1127 2224 d.
1144 2161 1308 2234 bb'dterum,

142 2277 177 2331 ut
191 2286 245 2349 pro
260 2259 369 2352 ἑαυτῷ
392 2266 614 2330 rescribendum
636 2275 773 2329 censeret
792 2257 933 2348 ἑταίρῳ,
953 2283 1013 2346 quo
1038 2265 1187 2328 diceretur
1206 2264 1308 2327 attota-

142 2387 227 2434 sccns
243 2369 291 2432 itte
307 2387 427 2451 operam
443 2367 572 2442 stertisset,
594 2379 628 2431 ut
648 2368 750 2440 sodali,
766 2385 855 2448 quem
871 2367 942 2428 item
955 2367 1171 2429 adolescentem
1187 2367 1308 2447 cogitari

143 2471 300 2554 oportebit,
316 2463 495 2555 συνήγορος
509 2470 569 2534 sire
584 2471 683 2534 socius
699 2470 728 2532 in
743 2469 908 2533 accusando
923 2469 986 2550 ipse
1003 2471 1095 2532 boeot.
1125 2468 1308 2531 ttnmatrerus
1370 2469 1372 2472 ’

143 2591 198 2658 pro
213 2563 323 2656 ἑαυτῷ
337 2564 532 2636 scribi'rotuit
546 2565 690 2658 ἐσᾴεεοι,
713 2593 773 2656 quo
789 2581 907 2652 recepto
922 2571 1009 2634 etiam
1025 2571 1055 2634 in
1071 2571 1206 2654 proximo
1221 2588 1308 2632 uersu

143 2695 215 2752 nen,
235 2683 269 2740 ut
287 2692 375 2749 nunc
406 2667 442 2750 ίς
462 2669 563 2754 εοίχος
585 2667 692 2752 παίει,
718 2675 769 2739 sed
792 2665 855 2750 κυίς
875 2667 975 2752 τοίχος
996 2673 1093 2737 παίει
1116 2673 1308 2738 scribentium

143 2800 210 2844 esse
232 2787 362 2862 apparet.
407 2777 537 2842 Retineri
564 2770 599 2854 ἐς
619 2769 720 2857 ια’χος
742 2779 850 2863 poterit
875 2777 900 2840 si
929 2796 998 2840 cum
1025 2775 1170 2840 bieinetrio
1197 2775 1308 2839 t'indic.

143 2882 293 2964 bristopb.
321 2901 350 2964 p.
381 2882 419 2944 tu
446 2899 508 2944 uon
533 2873 664 2966 ἒσᾴετει
688 2882 739 2944 scd
767 2880 952 2964 participium
980 2873 1126 2966 ίσςίειεον
1146 2879 1308 2944 scribatur:

144 3004 325 3068 quanaquam
340 2983 419 3068 qued
435 2984 512 3046 idem
529 2983 573 3046 vir
587 2983 775 3048 doctissimus
789 2979 987 3058 σπουδάσας
1009 2978 1193 3066 ξυνηγορεῖν
1214 2983 1251 3046 dc
1265 2981 1308 3044 si·

144 3089 256 3151 mutato
277 3106 379 3150 senem
400 3085 575 3149 defendendi
595 3085 694 3150 studio
720 3087 941 3170 interpretatur,
968 3086 1085 3169 probari
1111 3085 1193 3148 autto
1220 3085 1310 3147 modo

144 3199 251 3274 potest.
294 3189 409 3272 Quippe
424 3189 522 3253 omnis
537 3187 625 3253 huius
640 3189 696 3254 toci
712 3200 867 3254 contextus
882 3207 943 3252 non
959 3189 996 3252 dc
1011 3189 1150 3252 artrocato
1165 3199 1195 3250 ct
1205 3188 1309 3250 deten-

144 3312 211 3358 sorc
231 3293 324 3368 senis,
346 3293 397 3356 scd
420 3297 535 3356 tanturn
555 3294 592 3356 de
618 3301 787 3357 accusatore
807 3295 932 3356 eborum
952 3293 1032 3376 toqrai
1053 3291 1247 3364 demonstrat,
1279 3301 1312 3354 ct

144 3389 318 3482 συνήγοροι
341 3395 372 3459 in
389 3393 510 3480 publicis
526 3397 632 3470 causis,
647 3395 698 3460 ubi
713 3397 819 3478 atiquis
834 3415 888 3482 per
902 3386 1109 3478 εἰσαγγελίαν
1130 3413 1199 3458 reus
1214 3395 1311 3458 tactus

145 3507 217 3574 erat,
232 3516 292 3562 non
306 3497 348 3562 rei
364 3497 504 3572 advocati,
521 3497 600 3561 seda
616 3501 727 3584 populo
742 3499 894 3562 constituti
906 3508 1039 3562 oratores
1055 3497 1237 3572 dicebantur,
1258 3497 1309 3580 qaai

145 3603 308 3686 principem
323 3609 532 3674 accusatorem,
554 3601 584 3662 b.
604 3621 630 3664 e.
653 3619 721 3665 cum
743 3602 793 3686 qui
809 3594 1016 3686 εἰσαγγελίαν
1037 3602 1154 3673 iecerat,
1176 3601 1205 3662 in
1220 3619 1309 3664 acru-

143 3707 237 3772 saodo
251 3707 422 3770 adiuuarent
436 3722 554 3786 unaque
570 3721 637 3768 cunt
653 3725 690 3768 eo
705 3723 789 3768 reum
806 3705 905 3790 popuii
917 3703 1037 3767 nomine
1050 3715 1309 3786 persequerentur.

143 3811 289 3892 sicigitur
298 3811 396 3872 iocum
408 3806 662 3890 interpretandum
673 3806 1038 3871 dicemusetiamadmissa
1048 3807 1096 3870 itta
1105 3806 1308 3870 correctione:

143 3913 195 3976 sed
239 3909 451 3976 admittendam
486 3917 586 3972 tamon
620 3909 697 3972 ittam
732 3909 824 3974 nibito
860 3909 952 3991 magis
989 3927 1155 3973 censemus.
1215 3909 1308 3972 ttutto

144 4014 286 4078 leniorem
302 4011 477 4077 medicinam
492 4009 649 4076 Etmsteius
659 4013 801 4088 adhibuit,
817 4009 945 4076 νεανίαν
955 4030 1010 4095 pro
1021 4011 1158 4087 νεανίας,
1172 4029 1311 4094 umque,
1398 4063 1405 4076 .

144 4125 179 4181 ut
194 4117 264 4182 otim
285 4113 458 4188 bteinebius,
484 4113 527 4178 sic
546 4115 635 4178 ctiam
658 4133 737 4181 nunc
757 4115 925 4180 bindorbus
947 4113 1091 4198 probarit.
1139 4114 1182 4177 Et·
1196 4115 1312 4178 totlitur

144 4235 215 4284 sano
230 4217 273 4284 sio
287 4215 385 4282 omnis
400 4215 584 4296 ambiguitas,
600 4235 656 4282 noo
670 4217 798 4282 dubitari
813 4227 911 4302 potest
926 4217 997 4298 quio
1012 4215 1127 4282 dicatur
1142 4217 1197 4290 itte,
1219 4205 1238 4280 ὃ
1261 4211 1310 4291 dc',

147 4361 347 4375 bunun-m

214 4439 240 4500 b)
258 4435 296 4490 ci.
311 4438 443 4490 daimatis.
456 4439 486 4488 ad
501 4445 563 4489 aett.
577 4453 682 4504 generat.
694 4439 775 4492 docte.
787 4441 817 4492 de
830 4436 941 4492 articula
954 4455 976 4506 p.
989 4439 1022 4490 :td
