<?xml version="1.0" encoding="UTF-8"?>
<!DOCTYPE html PUBLIC "-//W3C//DTD XHTML 1.0 Transitional//EN"
    "http://www.w3.org/TR/xhtml1/DTD/xhtml1-transitional.dtd">
<html xmlns="http://www.w3.org/1999/xhtml" xml:lang="en" lang="en">
 <head>
  <title>
</title>
<meta http-equiv="Content-Type" content="text/html;charset=utf-8" />
  <meta name='ocr-system' content='tesseract 3.04.00' />
  <meta name='ocr-capabilities' content='ocr_page ocr_carea ocr_par ocr_line ocrx_word'/>
</head>
<body>
  <div class='ocr_page' id='page_1' title='image "./opusculaacademi00schgoog_0040.png"; bbox 0 0 3266 4958; ppageno 0'>
   <div class='ocr_carea' id='block_1_1' title="bbox 780 395 930 494">
    <p class='ocr_par' dir='ltr' id='par_1_1' title="bbox 780 395 930 494">
     <span class='ocr_line' id='line_1_1' title="bbox 780 395 930 494; baseline 0 -36"><span class='ocrx_word' id='word_1_1' title='bbox 780 395 930 494; x_wconf 60' lang='lat' dir='ltr'>...²A...</span> 
     </span>
    </p>
   </div>
   <div class='ocr_carea' id='block_1_2' title="bbox 266 581 1528 3768">
    <p class='ocr_par' dir='ltr' id='par_1_2' title="bbox 266 581 1528 3768">
     <span class='ocr_line' id='line_1_2' title="bbox 266 581 1442 670; baseline 0.006 -24"><span class='ocrx_word' id='word_1_2' title='bbox 266 582 483 666; x_wconf 75' lang='lat' dir='ltr'>Megarensium</span> <span class='ocrx_word' id='word_1_3' title='bbox 499 599 564 646; x_wconf 78' lang='grc' dir='ltr'><strong>ιοιιι</strong></span> <span class='ocrx_word' id='word_1_4' title='bbox 581 581 728 666; x_wconf 76' lang='lat' dir='ltr'><strong>publicam</strong></span> <span class='ocrx_word' id='word_1_5' title='bbox 744 583 903 666; x_wconf 89' lang='lat' dir='ltr'>pertinere,</span> <span class='ocrx_word' id='word_1_6' title='bbox 918 601 1015 666; x_wconf 85' lang='lat' dir='ltr'>neque</span> <span class='ocrx_word' id='word_1_7' title='bbox 1029 583 1152 666; x_wconf 78' lang='lat' dir='ltr'>intelligi</span> <span class='ocrx_word' id='word_1_8' title='bbox 1167 593 1247 651; x_wconf 86' lang='lat' dir='ltr'>recte</span> <span class='ocrx_word' id='word_1_9' title='bbox 1268 605 1372 670; x_wconf 84' lang='lat' dir='ltr'>pocae,</span> <span class='ocrx_word' id='word_1_10' title='bbox 1386 589 1442 654; x_wconf 88' lang='lat' dir='ltr'>nisi</span> 
     </span>
     <span class='ocr_line' id='line_1_3' title="bbox 270 683 1442 770; baseline 0.006 -23"><span class='ocrx_word' id='word_1_11' title='bbox 270 685 386 766; x_wconf 72' lang='lat' dir='ltr'>cognita</span> <span class='ocrx_word' id='word_1_12' title='bbox 400 685 465 748; x_wconf 90' lang='lat' dir='ltr'>eius</span> <span class='ocrx_word' id='word_1_13' title='bbox 480 685 523 748; x_wconf 88' lang='lat' dir='ltr'>rei</span> <span class='ocrx_word' id='word_1_14' title='bbox 544 683 679 767; x_wconf 87' lang='lat' dir='ltr'>publicae</span> <span class='ocrx_word' id='word_1_15' title='bbox 700 685 839 765; x_wconf 88' lang='lat' dir='ltr'>historia,</span> <span class='ocrx_word' id='word_1_16' title='bbox 860 705 934 769; x_wconf 88' lang='lat' dir='ltr'>quae</span> <span class='ocrx_word' id='word_1_17' title='bbox 956 705 1050 768; x_wconf 90' lang='lat' dir='ltr'>quum</span> <span class='ocrx_word' id='word_1_18' title='bbox 1069 705 1175 770; x_wconf 91' lang='lat' dir='ltr'>parum</span> <span class='ocrx_word' id='word_1_19' title='bbox 1197 689 1284 752; x_wconf 82' lang='lat' dir='ltr'>nobie</span> <span class='ocrx_word' id='word_1_20' title='bbox 1304 701 1374 756; x_wconf 88' lang='lat' dir='ltr'>nota</span> <span class='ocrx_word' id='word_1_21' title='bbox 1394 692 1442 768; x_wconf 87' lang='lat' dir='ltr'>ait,</span> 
     </span>
     <span class='ocr_line' id='line_1_4' title="bbox 270 787 1444 872; baseline 0.003 -20"><span class='ocrx_word' id='word_1_22' title='bbox 270 789 360 852; x_wconf 86' lang='lat' dir='ltr'>etiam</span> <span class='ocrx_word' id='word_1_23' title='bbox 375 790 516 872; x_wconf 85' lang='lat' dir='ltr'>pleraque</span> <span class='ocrx_word' id='word_1_24' title='bbox 531 787 563 850; x_wconf 89' lang='lat' dir='ltr'>in</span> <span class='ocrx_word' id='word_1_25' title='bbox 576 787 748 870; x_wconf 78' lang='lat' dir='ltr'>&#39;l&#39;bcopnide</span> <span class='ocrx_word' id='word_1_26' title='bbox 762 807 886 870; x_wconf 89' lang='lat' dir='ltr'>prorsus</span> <span class='ocrx_word' id='word_1_27' title='bbox 901 789 1025 852; x_wconf 85' lang='lat' dir='ltr'>obscura</span> <span class='ocrx_word' id='word_1_28' title='bbox 1040 797 1070 852; x_wconf 89' lang='lat' dir='ltr'>et</span> <span class='ocrx_word' id='word_1_29' title='bbox 1085 789 1298 872; x_wconf 74' lang='lat' dir='ltr'>inexplicabilia</span> <span class='ocrx_word' id='word_1_30' title='bbox 1309 813 1375 856; x_wconf 85' lang='lat' dir='ltr'>caeo</span> <span class='ocrx_word' id='word_1_31' title='bbox 1389 811 1444 856; x_wconf 88' lang='lat' dir='ltr'>ne·</span> 
     </span>
     <span class='ocr_line' id='line_1_5' title="bbox 271 891 1444 978; baseline 0.003 -23"><span class='ocrx_word' id='word_1_32' title='bbox 271 911 354 955; x_wconf 86' lang='lat' dir='ltr'>oesse</span> <span class='ocrx_word' id='word_1_33' title='bbox 369 901 424 954; x_wconf 87' lang='lat' dir='ltr'>est.</span> <span class='ocrx_word' id='word_1_34' title='bbox 451 891 526 954; x_wconf 79' lang='lat' dir='ltr'>llam</span> <span class='ocrx_word' id='word_1_35' title='bbox 541 911 577 954; x_wconf 85' lang='lat' dir='ltr'>er</span> <span class='ocrx_word' id='word_1_36' title='bbox 593 891 664 974; x_wconf 83' lang='lat' dir='ltr'>ipris</span> <span class='ocrx_word' id='word_1_37' title='bbox 679 891 800 974; x_wconf 90' lang='lat' dir='ltr'>quidem</span> <span class='ocrx_word' id='word_1_38' title='bbox 814 892 879 956; x_wconf 87' lang='lat' dir='ltr'>eiua</span> <span class='ocrx_word' id='word_1_39' title='bbox 900 892 1034 956; x_wconf 80' lang='lat' dir='ltr'>uersibus</span> <span class='ocrx_word' id='word_1_40' title='bbox 1053 893 1125 955; x_wconf 91' lang='lat' dir='ltr'>nibil</span> <span class='ocrx_word' id='word_1_41' title='bbox 1147 893 1182 956; x_wconf 93' lang='lat' dir='ltr'>ad</span> <span class='ocrx_word' id='word_1_42' title='bbox 1203 911 1304 958; x_wconf 88' lang='lat' dir='ltr'>rerum</span> <span class='ocrx_word' id='word_1_43' title='bbox 1319 895 1444 978; x_wconf 75' lang='lat' dir='ltr'>blcgari·</span> 
     </span>
     <span class='ocr_line' id='line_1_6' title="bbox 272 993 1445 1080; baseline 0.003 -22"><span class='ocrx_word' id='word_1_44' title='bbox 272 1013 375 1058; x_wconf 83' lang='lat' dir='ltr'>carum</span> <span class='ocrx_word' id='word_1_45' title='bbox 390 993 589 1076; x_wconf 77' lang='lat' dir='ltr'>cognitionem</span> <span class='ocrx_word' id='word_1_46' title='bbox 605 993 765 1068; x_wconf 87' lang='lat' dir='ltr'>lucramur,</span> <span class='ocrx_word' id='word_1_47' title='bbox 780 1003 896 1077; x_wconf 89' lang='lat' dir='ltr'>practer</span> <span class='ocrx_word' id='word_1_48' title='bbox 910 995 967 1060; x_wconf 89' lang='lat' dir='ltr'>boe</span> <span class='ocrx_word' id='word_1_49' title='bbox 991 1013 1103 1070; x_wconf 90' lang='lat' dir='ltr'>unum,</span> <span class='ocrx_word' id='word_1_50' title='bbox 1125 996 1205 1078; x_wconf 88' lang='lat' dir='ltr'>quod</span> <span class='ocrx_word' id='word_1_51' title='bbox 1225 997 1312 1060; x_wconf 88' lang='lat' dir='ltr'>etiam</span> <span class='ocrx_word' id='word_1_52' title='bbox 1333 999 1445 1080; x_wconf 86' lang='lat' dir='ltr'>absquo</span> 
     </span>
     <span class='ocr_line' id='line_1_7' title="bbox 272 1095 1444 1182; baseline 0.003 -21"><span class='ocrx_word' id='word_1_53' title='bbox 272 1097 309 1162; x_wconf 90' lang='lat' dir='ltr'>iis</span> <span class='ocrx_word' id='word_1_54' title='bbox 324 1115 385 1160; x_wconf 92' lang='lat' dir='ltr'>oon</span> <span class='ocrx_word' id='word_1_55' title='bbox 399 1097 618 1172; x_wconf 73' lang='lat' dir='ltr'>dubitaremus,</span> <span class='ocrx_word' id='word_1_56' title='bbox 640 1095 732 1160; x_wconf 82' lang='lat' dir='ltr'>luisse</span> <span class='ocrx_word' id='word_1_57' title='bbox 746 1095 869 1180; x_wconf 82' lang='lat' dir='ltr'>llcgaris</span> <span class='ocrx_word' id='word_1_58' title='bbox 890 1116 951 1162; x_wconf 90' lang='lat' dir='ltr'>ooo</span> <span class='ocrx_word' id='word_1_59' title='bbox 967 1097 1066 1162; x_wconf 86' lang='lat' dir='ltr'>minos</span> <span class='ocrx_word' id='word_1_60' title='bbox 1081 1119 1171 1182; x_wconf 81' lang='lat' dir='ltr'>quam</span> <span class='ocrx_word' id='word_1_61' title='bbox 1187 1099 1218 1164; x_wconf 92' lang='lat' dir='ltr'>iu</span> <span class='ocrx_word' id='word_1_62' title='bbox 1233 1099 1338 1164; x_wconf 84' lang='lat' dir='ltr'>ceteris</span> <span class='ocrx_word' id='word_1_63' title='bbox 1353 1100 1444 1164; x_wconf 86' lang='lat' dir='ltr'>Grae·</span> 
     </span>
     <span class='ocr_line' id='line_1_8' title="bbox 272 1199 1445 1284; baseline 0.001 -18"><span class='ocrx_word' id='word_1_64' title='bbox 272 1202 336 1266; x_wconf 79' lang='lat' dir='ltr'>cue</span> <span class='ocrx_word' id='word_1_65' title='bbox 349 1201 513 1264; x_wconf 80' lang='lat' dir='ltr'>civitatibus</span> <span class='ocrx_word' id='word_1_66' title='bbox 528 1199 688 1262; x_wconf 77' lang='lat' dir='ltr'>identidem</span> <span class='ocrx_word' id='word_1_67' title='bbox 704 1201 781 1263; x_wconf 88' lang='lat' dir='ltr'>inter</span> <span class='ocrx_word' id='word_1_68' title='bbox 794 1201 911 1283; x_wconf 84' lang='lat' dir='ltr'>plebem</span> <span class='ocrx_word' id='word_1_69' title='bbox 926 1211 957 1264; x_wconf 89' lang='lat' dir='ltr'>et</span> <span class='ocrx_word' id='word_1_70' title='bbox 980 1203 1137 1284; x_wconf 76' lang='lat' dir='ltr'>optimates</span> <span class='ocrx_word' id='word_1_71' title='bbox 1157 1203 1237 1266; x_wconf 84' lang='lat' dir='ltr'>vario</span> <span class='ocrx_word' id='word_1_72' title='bbox 1258 1213 1366 1267; x_wconf 83' lang='lat' dir='ltr'>eventu</span> <span class='ocrx_word' id='word_1_73' title='bbox 1380 1222 1445 1267; x_wconf 87' lang='lat' dir='ltr'>cer·</span> 
     </span>
     <span class='ocr_line' id='line_1_9' title="bbox 272 1301 1445 1387; baseline 0.003 -20"><span class='ocrx_word' id='word_1_74' title='bbox 272 1313 386 1368; x_wconf 89' lang='lat' dir='ltr'>tatum:</span> <span class='ocrx_word' id='word_1_75' title='bbox 403 1303 459 1366; x_wconf 88' lang='lat' dir='ltr'>nisi</span> <span class='ocrx_word' id='word_1_76' title='bbox 474 1303 540 1385; x_wconf 81' lang='lat' dir='ltr'>quio</span> <span class='ocrx_word' id='word_1_77' title='bbox 555 1303 632 1366; x_wconf 88' lang='lat' dir='ltr'>lorte</span> <span class='ocrx_word' id='word_1_78' title='bbox 648 1303 706 1366; x_wconf 88' lang='lat' dir='ltr'>boc</span> <span class='ocrx_word' id='word_1_79' title='bbox 720 1303 826 1365; x_wconf 90' lang='lat' dir='ltr'>saltem</span> <span class='ocrx_word' id='word_1_80' title='bbox 842 1301 873 1364; x_wconf 91' lang='lat' dir='ltr'>in</span> <span class='ocrx_word' id='word_1_81' title='bbox 888 1302 971 1366; x_wconf 91' lang='lat' dir='ltr'>lucro</span> <span class='ocrx_word' id='word_1_82' title='bbox 986 1303 1158 1385; x_wconf 89' lang='lat' dir='ltr'>ponendum</span> <span class='ocrx_word' id='word_1_83' title='bbox 1173 1325 1239 1369; x_wconf 89' lang='lat' dir='ltr'>csse</span> <span class='ocrx_word' id='word_1_84' title='bbox 1255 1305 1349 1382; x_wconf 90' lang='lat' dir='ltr'>dicat,</span> <span class='ocrx_word' id='word_1_85' title='bbox 1366 1306 1445 1387; x_wconf 83' lang='lat' dir='ltr'>quod</span> 
     </span>
     <span class='ocr_line' id='line_1_10' title="bbox 274 1403 1446 1490; baseline 0.002 -20"><span class='ocrx_word' id='word_1_86' title='bbox 274 1408 343 1470; x_wconf 88' lang='lat' dir='ltr'>talia</span> <span class='ocrx_word' id='word_1_87' title='bbox 357 1407 517 1471; x_wconf 88' lang='lat' dir='ltr'>certamina</span> <span class='ocrx_word' id='word_1_88' title='bbox 528 1406 617 1468; x_wconf 90' lang='lat' dir='ltr'>ctiam</span> <span class='ocrx_word' id='word_1_89' title='bbox 629 1405 808 1486; x_wconf 78' lang='lat' dir='ltr'>Theognidis</span> <span class='ocrx_word' id='word_1_90' title='bbox 820 1413 914 1467; x_wconf 89' lang='lat' dir='ltr'>aetate</span> <span class='ocrx_word' id='word_1_91' title='bbox 926 1403 1017 1468; x_wconf 85' lang='lat' dir='ltr'>luisse</span> <span class='ocrx_word' id='word_1_92' title='bbox 1028 1403 1187 1482; x_wconf 82' lang='lat' dir='ltr'>rideamus,</span> <span class='ocrx_word' id='word_1_93' title='bbox 1201 1407 1358 1490; x_wconf 90' lang='lat' dir='ltr'>ipsumque</span> <span class='ocrx_word' id='word_1_94' title='bbox 1374 1428 1446 1490; x_wconf 87' lang='lat' dir='ltr'>poe·</span> 
     </span>
     <span class='ocr_line' id='line_1_11' title="bbox 275 1507 1447 1594; baseline 0.001 -20"><span class='ocrx_word' id='word_1_95' title='bbox 275 1521 338 1574; x_wconf 79' lang='lat' dir='ltr'>tani</span> <span class='ocrx_word' id='word_1_96' title='bbox 353 1510 539 1594; x_wconf 87' lang='lat' dir='ltr'>optimatium</span> <span class='ocrx_word' id='word_1_97' title='bbox 564 1511 657 1592; x_wconf 71' lang='lat' dir='ltr'>magis</span> <span class='ocrx_word' id='word_1_98' title='bbox 678 1527 768 1592; x_wconf 88' lang='lat' dir='ltr'>quam</span> <span class='ocrx_word' id='word_1_99' title='bbox 789 1507 883 1590; x_wconf 90' lang='lat' dir='ltr'>plebia</span> <span class='ocrx_word' id='word_1_100' title='bbox 901 1507 1034 1590; x_wconf 87' lang='lat' dir='ltr'>partibus</span> <span class='ocrx_word' id='word_1_101' title='bbox 1053 1507 1169 1574; x_wconf 79' lang='lat' dir='ltr'>lavinae.</span> <span class='ocrx_word' id='word_1_102' title='bbox 1201 1511 1447 1576; x_wconf 78' lang='lat' dir='ltr'>l‘eriucommode</span> 
     </span>
     <span class='ocr_line' id='line_1_12' title="bbox 273 1611 1447 1696; baseline 0 -18"><span class='ocrx_word' id='word_1_103' title='bbox 273 1623 374 1678; x_wconf 85' lang='lat' dir='ltr'>autem</span> <span class='ocrx_word' id='word_1_104' title='bbox 390 1613 504 1687; x_wconf 85' lang='lat' dir='ltr'>accidit,</span> <span class='ocrx_word' id='word_1_105' title='bbox 516 1622 551 1676; x_wconf 91' lang='lat' dir='ltr'>ut</span> <span class='ocrx_word' id='word_1_106' title='bbox 565 1613 597 1676; x_wconf 91' lang='lat' dir='ltr'>in</span> <span class='ocrx_word' id='word_1_107' title='bbox 611 1614 687 1676; x_wconf 90' lang='lat' dir='ltr'>bano</span> <span class='ocrx_word' id='word_1_108' title='bbox 707 1611 898 1694; x_wconf 76' lang='lat' dir='ltr'>farraginem,</span> <span class='ocrx_word' id='word_1_109' title='bbox 920 1630 995 1694; x_wconf 83' lang='lat' dir='ltr'>quae</span> <span class='ocrx_word' id='word_1_110' title='bbox 1015 1611 1192 1694; x_wconf 77' lang='lat' dir='ltr'>llegarensis</span> <span class='ocrx_word' id='word_1_111' title='bbox 1212 1623 1316 1696; x_wconf 89' lang='lat' dir='ltr'>poetae</span> <span class='ocrx_word' id='word_1_112' title='bbox 1336 1632 1447 1678; x_wconf 87' lang='lat' dir='ltr'>nornen</span> 
     </span>
     <span class='ocr_line' id='line_1_13' title="bbox 274 1715 1447 1802; baseline 0 -20"><span class='ocrx_word' id='word_1_113' title='bbox 274 1718 415 1802; x_wconf 88' lang='lat' dir='ltr'>praelert,</span> <span class='ocrx_word' id='word_1_114' title='bbox 430 1717 518 1780; x_wconf 89' lang='lat' dir='ltr'>etiam</span> <span class='ocrx_word' id='word_1_115' title='bbox 535 1716 662 1780; x_wconf 85' lang='lat' dir='ltr'>oliorum</span> <span class='ocrx_word' id='word_1_116' title='bbox 679 1723 833 1798; x_wconf 88' lang='lat' dir='ltr'>poetarum</span> <span class='ocrx_word' id='word_1_117' title='bbox 849 1733 954 1778; x_wconf 78' lang='lat' dir='ltr'>versuo</span> <span class='ocrx_word' id='word_1_118' title='bbox 968 1715 1080 1798; x_wconf 87' lang='lat' dir='ltr'>passim</span> <span class='ocrx_word' id='word_1_119' title='bbox 1095 1717 1217 1780; x_wconf 78' lang='lat' dir='ltr'>admixti</span> <span class='ocrx_word' id='word_1_120' title='bbox 1233 1717 1302 1792; x_wconf 87' lang='lat' dir='ltr'>sint,</span> <span class='ocrx_word' id='word_1_121' title='bbox 1317 1736 1447 1801; x_wconf 87' lang='lat' dir='ltr'>quotum</span> 
     </span>
     <span class='ocr_line' id='line_1_14' title="bbox 276 1819 1446 1903; baseline 0.003 -19"><span class='ocrx_word' id='word_1_122' title='bbox 276 1822 332 1885; x_wconf 83' lang='lat' dir='ltr'>etsi</span> <span class='ocrx_word' id='word_1_123' title='bbox 345 1829 391 1884; x_wconf 84' lang='lat' dir='ltr'>sat</span> <span class='ocrx_word' id='word_1_124' title='bbox 405 1819 516 1884; x_wconf 89' lang='lat' dir='ltr'>multos</span> <span class='ocrx_word' id='word_1_125' title='bbox 531 1828 653 1903; x_wconf 85' lang='lat' dir='ltr'>propter</span> <span class='ocrx_word' id='word_1_126' title='bbox 668 1819 776 1882; x_wconf 86' lang='lat' dir='ltr'>diserta</span> <span class='ocrx_word' id='word_1_127' title='bbox 791 1827 926 1882; x_wconf 83' lang='lat' dir='ltr'>veterum</span> <span class='ocrx_word' id='word_1_128' title='bbox 942 1829 1098 1884; x_wconf 89' lang='lat' dir='ltr'>auctorum</span> <span class='ocrx_word' id='word_1_129' title='bbox 1120 1821 1290 1885; x_wconf 89' lang='lat' dir='ltr'>testimonla</span> <span class='ocrx_word' id='word_1_130' title='bbox 1311 1841 1328 1887; x_wconf 94' lang='lat' dir='ltr'>a</span> <span class='ocrx_word' id='word_1_131' title='bbox 1348 1823 1446 1887; x_wconf 83' lang='lat' dir='ltr'>Theo·</span> 
     </span>
     <span class='ocr_line' id='line_1_15' title="bbox 275 1923 1447 2008; baseline 0.003 -22"><span class='ocrx_word' id='word_1_132' title='bbox 275 1925 388 2008; x_wconf 71' lang='lat' dir='ltr'>prtidds</span> <span class='ocrx_word' id='word_1_133' title='bbox 404 1941 557 1988; x_wconf 83' lang='lat' dir='ltr'>secernere</span> <span class='ocrx_word' id='word_1_134' title='bbox 573 1923 672 1994; x_wconf 90' lang='lat' dir='ltr'>liceat,</span> <span class='ocrx_word' id='word_1_135' title='bbox 687 1930 801 1986; x_wconf 85' lang='lat' dir='ltr'>restant</span> <span class='ocrx_word' id='word_1_136' title='bbox 816 1927 916 1986; x_wconf 69' lang='lat' dir='ltr'>brnen</span> <span class='ocrx_word' id='word_1_137' title='bbox 931 1939 993 1987; x_wconf 90' lang='lat' dir='ltr'>non</span> <span class='ocrx_word' id='word_1_138' title='bbox 1008 1923 1108 2006; x_wconf 86' lang='lat' dir='ltr'>pauci,</span> <span class='ocrx_word' id='word_1_139' title='bbox 1129 1923 1181 2008; x_wconf 88' lang='lat' dir='ltr'>qui</span> <span class='ocrx_word' id='word_1_140' title='bbox 1203 1929 1306 1988; x_wconf 89' lang='lat' dir='ltr'>utrum</span> <span class='ocrx_word' id='word_1_141' title='bbox 1326 1925 1389 1990; x_wconf 85' lang='lat' dir='ltr'>iure</span> <span class='ocrx_word' id='word_1_142' title='bbox 1410 1943 1447 1992; x_wconf 89' lang='lat' dir='ltr'>an</span> 
     </span>
     <span class='ocr_line' id='line_1_16' title="bbox 276 2025 1448 2095; baseline 0.002 -3"><span class='ocrx_word' id='word_1_143' title='bbox 276 2027 382 2092; x_wconf 89' lang='lat' dir='ltr'>iniuria</span> <span class='ocrx_word' id='word_1_144' title='bbox 395 2026 437 2092; x_wconf 90' lang='lat' dir='ltr'>illi</span> <span class='ocrx_word' id='word_1_145' title='bbox 451 2026 656 2090; x_wconf 79' lang='lat' dir='ltr'>adscribantur</span> <span class='ocrx_word' id='word_1_146' title='bbox 670 2025 800 2089; x_wconf 85' lang='lat' dir='ltr'>incertus</span> <span class='ocrx_word' id='word_1_147' title='bbox 814 2025 945 2090; x_wconf 84' lang='lat' dir='ltr'>haereas.</span> <span class='ocrx_word' id='word_1_148' title='bbox 976 2025 1123 2090; x_wconf 79' lang='lat' dir='ltr'>Nimirum</span> <span class='ocrx_word' id='word_1_149' title='bbox 1145 2045 1265 2092; x_wconf 89' lang='lat' dir='ltr'>omnem</span> <span class='ocrx_word' id='word_1_150' title='bbox 1288 2028 1365 2093; x_wconf 88' lang='lat' dir='ltr'>banc</span> <span class='ocrx_word' id='word_1_151' title='bbox 1385 2029 1448 2095; x_wconf 90' lang='lat' dir='ltr'>col·</span> 
     </span>
     <span class='ocr_line' id='line_1_17' title="bbox 278 2129 1449 2212; baseline 0 -16"><span class='ocrx_word' id='word_1_152' title='bbox 278 2131 433 2196; x_wconf 82' lang='lat' dir='ltr'>lectionem</span> <span class='ocrx_word' id='word_1_153' title='bbox 449 2147 510 2194; x_wconf 92' lang='lat' dir='ltr'>non</span> <span class='ocrx_word' id='word_1_154' title='bbox 530 2147 600 2194; x_wconf 89' lang='lat' dir='ltr'>sana</span> <span class='ocrx_word' id='word_1_155' title='bbox 619 2129 746 2212; x_wconf 79' lang='lat' dir='ltr'>(poariam</span> <span class='ocrx_word' id='word_1_156' title='bbox 767 2137 798 2192; x_wconf 88' lang='lat' dir='ltr'>et</span> <span class='ocrx_word' id='word_1_157' title='bbox 817 2145 918 2192; x_wconf 81' lang='lat' dir='ltr'>serora</span> <span class='ocrx_word' id='word_1_158' title='bbox 939 2129 1054 2193; x_wconf 88' lang='lat' dir='ltr'>ratione</span> <span class='ocrx_word' id='word_1_159' title='bbox 1075 2130 1175 2194; x_wconf 88' lang='lat' dir='ltr'>critica</span> <span class='ocrx_word' id='word_1_160' title='bbox 1199 2131 1363 2197; x_wconf 88' lang='lat' dir='ltr'>conlectam</span> <span class='ocrx_word' id='word_1_161' title='bbox 1384 2151 1449 2198; x_wconf 88' lang='lat' dir='ltr'>case</span> 
     </span>
     <span class='ocr_line' id='line_1_18' title="bbox 279 2231 1449 2318; baseline 0.001 -20"><span class='ocrx_word' id='word_1_162' title='bbox 279 2235 470 2298; x_wconf 74' lang='lat' dir='ltr'>manifestum</span> <span class='ocrx_word' id='word_1_163' title='bbox 485 2238 540 2306; x_wconf 86' lang='lat' dir='ltr'>est,</span> <span class='ocrx_word' id='word_1_164' title='bbox 554 2233 606 2296; x_wconf 89' lang='lat' dir='ltr'>sed</span> <span class='ocrx_word' id='word_1_165' title='bbox 622 2232 787 2296; x_wconf 84' lang='lat' dir='ltr'>institutam</span> <span class='ocrx_word' id='word_1_166' title='bbox 801 2231 838 2294; x_wconf 91' lang='lat' dir='ltr'>ab</span> <span class='ocrx_word' id='word_1_167' title='bbox 854 2233 952 2314; x_wconf 82' lang='lat' dir='ltr'>aliquo</span> <span class='ocrx_word' id='word_1_168' title='bbox 967 2238 1101 2298; x_wconf 82' lang='lat' dir='ltr'>vetemm</span> <span class='ocrx_word' id='word_1_169' title='bbox 1122 2243 1279 2318; x_wconf 89' lang='lat' dir='ltr'>poetarum</span> <span class='ocrx_word' id='word_1_170' title='bbox 1302 2235 1449 2312; x_wconf 86' lang='lat' dir='ltr'>studioso,</span> 
     </span>
     <span class='ocr_line' id='line_1_19' title="bbox 279 2335 1528 2420; baseline -0.002 -18"><span class='ocrx_word' id='word_1_171' title='bbox 279 2339 331 2420; x_wconf 77' lang='lat' dir='ltr'>spui</span> <span class='ocrx_word' id='word_1_172' title='bbox 346 2337 488 2420; x_wconf 84' lang='lat' dir='ltr'>quidquid</span> <span class='ocrx_word' id='word_1_173' title='bbox 503 2335 612 2417; x_wconf 80' lang='lat' dir='ltr'>ubique</span> <span class='ocrx_word' id='word_1_174' title='bbox 626 2335 850 2418; x_wconf 76' lang='lat' dir='ltr'>Theognideum</span> <span class='ocrx_word' id='word_1_175' title='bbox 865 2335 936 2400; x_wconf 86' lang='lat' dir='ltr'>lerri</span> <span class='ocrx_word' id='word_1_176' title='bbox 948 2337 1067 2413; x_wconf 85' lang='lat' dir='ltr'>rideret,</span> <span class='ocrx_word' id='word_1_177' title='bbox 1084 2339 1165 2402; x_wconf 91' lang='lat' dir='ltr'>nullo</span> <span class='ocrx_word' id='word_1_178' title='bbox 1176 2347 1258 2402; x_wconf 88' lang='lat' dir='ltr'>certo</span> <span class='ocrx_word' id='word_1_179' title='bbox 1270 2338 1381 2408; x_wconf 86' lang='lat' dir='ltr'>ordine,</span> <span class='ocrx_word' id='word_1_180' title='bbox 1397 2337 1449 2401; x_wconf 92' lang='lat' dir='ltr'>sed</span> <span class='ocrx_word' id='word_1_181' title='bbox 1527 2363 1528 2366; x_wconf 41' lang='lat'>¹</span> 
     </span>
     <span class='ocr_line' id='line_1_20' title="bbox 278 2438 1450 2525; baseline 0 -20"><span class='ocrx_word' id='word_1_182' title='bbox 278 2450 315 2505; x_wconf 90' lang='lat' dir='ltr'>ut</span> <span class='ocrx_word' id='word_1_183' title='bbox 329 2441 458 2525; x_wconf 78' lang='lat' dir='ltr'>quidque</span> <span class='ocrx_word' id='word_1_184' title='bbox 473 2441 659 2514; x_wconf 77' lang='lat' dir='ltr'>occurrisset,</span> <span class='ocrx_word' id='word_1_185' title='bbox 674 2440 736 2503; x_wconf 85' lang='lat' dir='ltr'>iere</span> <span class='ocrx_word' id='word_1_186' title='bbox 748 2438 784 2503; x_wconf 92' lang='lat' dir='ltr'>ad</span> <span class='ocrx_word' id='word_1_187' title='bbox 797 2439 919 2503; x_wconf 90' lang='lat' dir='ltr'>modum</span> <span class='ocrx_word' id='word_1_188' title='bbox 932 2459 1035 2505; x_wconf 89' lang='lat' dir='ltr'>eorum</span> <span class='ocrx_word' id='word_1_189' title='bbox 1049 2441 1099 2523; x_wconf 81' lang='lat' dir='ltr'>qui</span> <span class='ocrx_word' id='word_1_190' title='bbox 1111 2441 1198 2504; x_wconf 89' lang='lat' dir='ltr'>bodie</span> <span class='ocrx_word' id='word_1_191' title='bbox 1213 2441 1304 2505; x_wconf 80' lang='lat' dir='ltr'>atha</span> <span class='ocrx_word' id='word_1_192' title='bbox 1317 2459 1392 2523; x_wconf 90' lang='lat' dir='ltr'>quae</span> <span class='ocrx_word' id='word_1_193' title='bbox 1403 2441 1450 2506; x_wconf 89' lang='lat' dir='ltr'>di·</span> 
     </span>
     <span class='ocr_line' id='line_1_21' title="bbox 279 2543 1450 2628; baseline -0.002 -18"><span class='ocrx_word' id='word_1_194' title='bbox 279 2555 388 2610; x_wconf 87' lang='lat' dir='ltr'>cuutur</span> <span class='ocrx_word' id='word_1_195' title='bbox 401 2543 456 2608; x_wconf 88' lang='lat' dir='ltr'>sibi</span> <span class='ocrx_word' id='word_1_196' title='bbox 470 2544 672 2618; x_wconf 87' lang='lat' dir='ltr'>conscribunt,</span> <span class='ocrx_word' id='word_1_197' title='bbox 688 2543 719 2606; x_wconf 93' lang='lat' dir='ltr'>in</span> <span class='ocrx_word' id='word_1_198' title='bbox 734 2543 851 2606; x_wconf 87' lang='lat' dir='ltr'>chartas</span> <span class='ocrx_word' id='word_1_199' title='bbox 866 2543 1032 2620; x_wconf 74' lang='lat' dir='ltr'>mulceret,</span> <span class='ocrx_word' id='word_1_200' title='bbox 1049 2563 1109 2608; x_wconf 91' lang='lat' dir='ltr'>non</span> <span class='ocrx_word' id='word_1_201' title='bbox 1121 2545 1206 2608; x_wconf 87' lang='lat' dir='ltr'>anxie</span> <span class='ocrx_word' id='word_1_202' title='bbox 1218 2545 1254 2608; x_wconf 91' lang='lat' dir='ltr'>de</span> <span class='ocrx_word' id='word_1_203' title='bbox 1265 2545 1450 2628; x_wconf 80' lang='lat' dir='ltr'>singulorum</span> 
     </span>
     <span class='ocr_line' id='line_1_22' title="bbox 279 2647 1451 2730; baseline -0.001 -17"><span class='ocrx_word' id='word_1_204' title='bbox 279 2649 453 2714; x_wconf 87' lang='lat' dir='ltr'>auctoritate</span> <span class='ocrx_word' id='word_1_205' title='bbox 466 2647 627 2723; x_wconf 88' lang='lat' dir='ltr'>sollicitus,</span> <span class='ocrx_word' id='word_1_206' title='bbox 651 2663 748 2730; x_wconf 88' lang='lat' dir='ltr'>neque</span> <span class='ocrx_word' id='word_1_207' title='bbox 764 2647 857 2711; x_wconf 83' lang='lat' dir='ltr'>aliena</span> <span class='ocrx_word' id='word_1_208' title='bbox 872 2648 1033 2730; x_wconf 80' lang='lat' dir='ltr'>quaedam,</span> <span class='ocrx_word' id='word_1_209' title='bbox 1054 2647 1144 2712; x_wconf 90' lang='lat' dir='ltr'>modo</span> <span class='ocrx_word' id='word_1_210' title='bbox 1168 2649 1274 2712; x_wconf 82' lang='lat' dir='ltr'>ceteris</span> <span class='ocrx_word' id='word_1_211' title='bbox 1295 2667 1357 2712; x_wconf 89' lang='lat' dir='ltr'>uon</span> <span class='ocrx_word' id='word_1_212' title='bbox 1371 2649 1451 2713; x_wconf 88' lang='lat' dir='ltr'>abai-</span> 
     </span>
     <span class='ocr_line' id='line_1_23' title="bbox 279 2749 1451 2827; baseline 0 -11"><span class='ocrx_word' id='word_1_213' title='bbox 279 2752 376 2827; x_wconf 89' lang='lat' dir='ltr'>milia,</span> <span class='ocrx_word' id='word_1_214' title='bbox 395 2751 563 2816; x_wconf 80' lang='lat' dir='ltr'>adscribere</span> <span class='ocrx_word' id='word_1_215' title='bbox 587 2749 708 2814; x_wconf 79' lang='lat' dir='ltr'>veritus.</span> <span class='ocrx_word' id='word_1_216' title='bbox 751 2751 800 2816; x_wconf 88' lang='lat' dir='ltr'>Sic</span> <span class='ocrx_word' id='word_1_217' title='bbox 819 2759 920 2814; x_wconf 87' lang='lat' dir='ltr'>natam</span> <span class='ocrx_word' id='word_1_218' title='bbox 943 2751 1146 2815; x_wconf 86' lang='lat' dir='ltr'>collectionem</span> <span class='ocrx_word' id='word_1_219' title='bbox 1168 2751 1216 2816; x_wconf 90' lang='lat' dir='ltr'>alii</span> <span class='ocrx_word' id='word_1_220' title='bbox 1238 2753 1330 2816; x_wconf 92' lang='lat' dir='ltr'>modo</span> <span class='ocrx_word' id='word_1_221' title='bbox 1355 2759 1451 2816; x_wconf 88' lang='lat' dir='ltr'>totam</span> 
     </span>
     <span class='ocr_line' id='line_1_24' title="bbox 280 2854 1452 2940; baseline -0.002 -19"><span class='ocrx_word' id='word_1_222' title='bbox 280 2857 373 2922; x_wconf 88' lang='lat' dir='ltr'>modo</span> <span class='ocrx_word' id='word_1_223' title='bbox 394 2857 521 2940; x_wconf 87' lang='lat' dir='ltr'>aliquam</span> <span class='ocrx_word' id='word_1_224' title='bbox 541 2855 605 2920; x_wconf 81' lang='lat' dir='ltr'>eiua</span> <span class='ocrx_word' id='word_1_225' title='bbox 626 2863 742 2938; x_wconf 88' lang='lat' dir='ltr'>partem</span> <span class='ocrx_word' id='word_1_226' title='bbox 765 2854 985 2939; x_wconf 87' lang='lat' dir='ltr'>descripserunt</span> <span class='ocrx_word' id='word_1_227' title='bbox 1006 2871 1061 2938; x_wconf 93' lang='lat' dir='ltr'>pro</span> <span class='ocrx_word' id='word_1_228' title='bbox 1084 2873 1140 2919; x_wconf 94' lang='lat' dir='ltr'>suo</span> <span class='ocrx_word' id='word_1_229' title='bbox 1161 2855 1287 2938; x_wconf 84' lang='lat' dir='ltr'>quisquc</span> <span class='ocrx_word' id='word_1_230' title='bbox 1306 2855 1402 2920; x_wconf 92' lang='lat' dir='ltr'>lubitu</span> <span class='ocrx_word' id='word_1_231' title='bbox 1420 2864 1452 2920; x_wconf 91' lang='lat' dir='ltr'>et</span> 
     </span>
     <span class='ocr_line' id='line_1_25' title="bbox 281 2957 1452 3045; baseline -0.001 -20"><span class='ocrx_word' id='word_1_232' title='bbox 281 2961 413 3026; x_wconf 89' lang='lat' dir='ltr'>consilio.</span> <span class='ocrx_word' id='word_1_233' title='bbox 443 2963 546 3045; x_wconf 86' lang='lat' dir='ltr'>ltaque</span> <span class='ocrx_word' id='word_1_234' title='bbox 561 2960 611 3043; x_wconf 85' lang='lat' dir='ltr'>qui</span> <span class='ocrx_word' id='word_1_235' title='bbox 633 2959 721 3024; x_wconf 89' lang='lat' dir='ltr'>bodie</span> <span class='ocrx_word' id='word_1_236' title='bbox 740 2963 901 3043; x_wconf 82' lang='lat' dir='ltr'>supersunt</span> <span class='ocrx_word' id='word_1_237' title='bbox 921 2957 1037 3022; x_wconf 88' lang='lat' dir='ltr'>codices</span> <span class='ocrx_word' id='word_1_238' title='bbox 1057 2957 1106 3022; x_wconf 91' lang='lat' dir='ltr'>alii</span> <span class='ocrx_word' id='word_1_239' title='bbox 1126 2957 1215 3022; x_wconf 90' lang='lat' dir='ltr'>alium</span> <span class='ocrx_word' id='word_1_240' title='bbox 1236 2978 1376 3024; x_wconf 83' lang='lat' dir='ltr'>uersuum</span> <span class='ocrx_word' id='word_1_241' title='bbox 1393 2977 1452 3024; x_wconf 87' lang='lat' dir='ltr'>nu·</span> 
     </span>
     <span class='ocr_line' id='line_1_26' title="bbox 282 3051 1451 3148; baseline -0.004 -14"><span class='ocrx_word' id='word_1_242' title='bbox 282 3084 389 3134; x_wconf 85' lang='lat' dir='ltr'>oerum</span> <span class='ocrx_word' id='word_1_243' title='bbox 412 3065 536 3129; x_wconf 85' lang='lat' dir='ltr'>babent:</span> <span class='ocrx_word' id='word_1_244' title='bbox 564 3064 710 3148; x_wconf 84' lang='lat' dir='ltr'>plurimos</span> <span class='ocrx_word' id='word_1_245' title='bbox 731 3051 857 3148; x_wconf 83' lang='lat' dir='ltr'>quidem</span> <span class='ocrx_word' id='word_1_246' title='bbox 871 3061 1007 3126; x_wconf 91' lang='lat' dir='ltr'>omniurn</span> <span class='ocrx_word' id='word_1_247' title='bbox 1032 3061 1123 3126; x_wconf 81' lang='lat' dir='ltr'>codex</span> <span class='ocrx_word' id='word_1_248' title='bbox 1151 3061 1340 3141; x_wconf 84' lang='lat' dir='ltr'>llutineusie,</span> <span class='ocrx_word' id='word_1_249' title='bbox 1361 3083 1451 3147; x_wconf 85' lang='lat' dir='ltr'>quem</span> 
     </span>
     <span class='ocr_line' id='line_1_27' title="bbox 283 3165 1452 3254; baseline -0.002 -21"><span class='ocrx_word' id='word_1_250' title='bbox 283 3171 400 3254; x_wconf 88' lang='lat' dir='ltr'>primus</span> <span class='ocrx_word' id='word_1_251' title='bbox 414 3169 501 3232; x_wconf 84' lang='lat' dir='ltr'>lnam.</span> <span class='ocrx_word' id='word_1_252' title='bbox 517 3169 668 3232; x_wconf 82' lang='lat' dir='ltr'>Bellerua</span> <span class='ocrx_word' id='word_1_253' title='bbox 683 3165 847 3249; x_wconf 84' lang='lat' dir='ltr'>usurpavit,</span> <span class='ocrx_word' id='word_1_254' title='bbox 862 3165 893 3228; x_wconf 94' lang='lat' dir='ltr'>in</span> <span class='ocrx_word' id='word_1_255' title='bbox 908 3183 969 3248; x_wconf 89' lang='lat' dir='ltr'>quo</span> <span class='ocrx_word' id='word_1_256' title='bbox 984 3173 1056 3229; x_wconf 89' lang='lat' dir='ltr'>sunt</span> <span class='ocrx_word' id='word_1_257' title='bbox 1069 3183 1171 3230; x_wconf 81' lang='lat' dir='ltr'>versus</span> <span class='ocrx_word' id='word_1_258' title='bbox 1189 3165 1285 3241; x_wconf 76' lang='lat'>1389,</span> <span class='ocrx_word' id='word_1_259' title='bbox 1308 3167 1452 3250; x_wconf 84' lang='lat' dir='ltr'>paucissi-</span> 
     </span>
     <span class='ocr_line' id='line_1_28' title="bbox 282 3267 1452 3352; baseline -0.001 -16"><span class='ocrx_word' id='word_1_260' title='bbox 282 3291 350 3336; x_wconf 86' lang='lat' dir='ltr'>rnos</span> <span class='ocrx_word' id='word_1_261' title='bbox 363 3282 464 3336; x_wconf 89' lang='lat' dir='ltr'>autem</span> <span class='ocrx_word' id='word_1_262' title='bbox 474 3290 554 3336; x_wconf 86' lang='lat' dir='ltr'>unus</span> <span class='ocrx_word' id='word_1_263' title='bbox 569 3292 585 3335; x_wconf 94' lang='lat' dir='ltr'>e</span> <span class='ocrx_word' id='word_1_264' title='bbox 599 3269 748 3345; x_wconf 84' lang='lat' dir='ltr'>l‘alatioia,</span> <span class='ocrx_word' id='word_1_265' title='bbox 764 3271 794 3334; x_wconf 90' lang='lat' dir='ltr'>iu</span> <span class='ocrx_word' id='word_1_266' title='bbox 809 3288 869 3352; x_wconf 87' lang='lat' dir='ltr'>quo</span> <span class='ocrx_word' id='word_1_267' title='bbox 884 3267 963 3348; x_wconf 85' lang='lat' dir='ltr'>baud</span> <span class='ocrx_word' id='word_1_268' title='bbox 979 3269 1104 3352; x_wconf 90' lang='lat' dir='ltr'>amplius</span> <span class='ocrx_word' id='word_1_269' title='bbox 1120 3269 1161 3332; x_wconf 81' lang='lat' dir='ltr'>ot</span> <span class='ocrx_word' id='word_1_270' title='bbox 1176 3269 1323 3350; x_wconf 77' lang='lat' dir='ltr'>leguntur.</span> <span class='ocrx_word' id='word_1_271' title='bbox 1346 3270 1403 3334; x_wconf 90' lang='lat' dir='ltr'>Sed</span> <span class='ocrx_word' id='word_1_272' title='bbox 1413 3289 1452 3336; x_wconf 88' lang='lat' dir='ltr'>uo</span> 
     </span>
     <span class='ocr_line' id='line_1_29' title="bbox 283 3371 1453 3459; baseline -0.001 -21"><span class='ocrx_word' id='word_1_273' title='bbox 283 3375 457 3439; x_wconf 73' lang='lat' dir='ltr'>Mutinensis</span> <span class='ocrx_word' id='word_1_274' title='bbox 471 3374 592 3459; x_wconf 86' lang='lat' dir='ltr'>quidem</span> <span class='ocrx_word' id='word_1_275' title='bbox 607 3393 676 3439; x_wconf 88' lang='lat' dir='ltr'>eum</span> <span class='ocrx_word' id='word_1_276' title='bbox 691 3392 830 3438; x_wconf 81' lang='lat' dir='ltr'>uersuum</span> <span class='ocrx_word' id='word_1_277' title='bbox 846 3389 1007 3437; x_wconf 87' lang='lat' dir='ltr'>numerum</span> <span class='ocrx_word' id='word_1_278' title='bbox 1019 3371 1116 3446; x_wconf 86' lang='lat' dir='ltr'>habet,</span> <span class='ocrx_word' id='word_1_279' title='bbox 1133 3389 1251 3453; x_wconf 88' lang='lat' dir='ltr'>quema</span> <span class='ocrx_word' id='word_1_280' title='bbox 1267 3371 1357 3436; x_wconf 88' lang='lat' dir='ltr'>Suida</span> <span class='ocrx_word' id='word_1_281' title='bbox 1369 3391 1453 3437; x_wconf 84' lang='lat' dir='ltr'>cona·</span> 
     </span>
     <span class='ocr_line' id='line_1_30' title="bbox 284 3475 1452 3560; baseline -0.003 -16"><span class='ocrx_word' id='word_1_282' title='bbox 284 3487 485 3544; x_wconf 83' lang='lat' dir='ltr'>memoratum</span> <span class='ocrx_word' id='word_1_283' title='bbox 507 3477 650 3542; x_wconf 81' lang='lat' dir='ltr'>ridemus.</span> <span class='ocrx_word' id='word_1_284' title='bbox 682 3476 758 3541; x_wconf 84' lang='lat' dir='ltr'>Nam</span> <span class='ocrx_word' id='word_1_285' title='bbox 778 3476 804 3540; x_wconf 90' lang='lat' dir='ltr'>is</span> <span class='ocrx_word' id='word_1_286' title='bbox 820 3477 899 3560; x_wconf 93' lang='lat' dir='ltr'>apud</span> <span class='ocrx_word' id='word_1_287' title='bbox 920 3493 1014 3540; x_wconf 92' lang='lat' dir='ltr'>unum</span> <span class='ocrx_word' id='word_1_288' title='bbox 1034 3493 1159 3551; x_wconf 88' lang='lat' dir='ltr'>eorum,</span> <span class='ocrx_word' id='word_1_289' title='bbox 1179 3493 1255 3558; x_wconf 87' lang='lat' dir='ltr'>quos</span> <span class='ocrx_word' id='word_1_290' title='bbox 1276 3475 1452 3557; x_wconf 85' lang='lat' dir='ltr'>compilavit,</span> 
     </span>
     <span class='ocr_line' id='line_1_31' title="bbox 284 3579 1454 3664; baseline -0.003 -18"><span class='ocrx_word' id='word_1_291' title='bbox 284 3589 440 3646; x_wconf 75' lang='lat' dir='ltr'>sunomm</span> <span class='ocrx_word' id='word_1_292' title='bbox 455 3599 558 3645; x_wconf 83' lang='lat' dir='ltr'>versus</span> <span class='ocrx_word' id='word_1_293' title='bbox 574 3580 667 3658; x_wconf 81' lang='lat'>2800,</span> <span class='ocrx_word' id='word_1_294' title='bbox 681 3580 758 3664; x_wconf 89' lang='lat' dir='ltr'>apud</span> <span class='ocrx_word' id='word_1_295' title='bbox 774 3579 918 3656; x_wconf 87' lang='lat' dir='ltr'>alterum,</span> <span class='ocrx_word' id='word_1_296' title='bbox 930 3587 965 3644; x_wconf 90' lang='lat' dir='ltr'>ut</span> <span class='ocrx_word' id='word_1_297' title='bbox 978 3579 1102 3655; x_wconf 81' lang='lat' dir='ltr'>ridetur,</span> <span class='ocrx_word' id='word_1_298' title='bbox 1120 3579 1205 3645; x_wconf 78' lang='lat' dir='ltr'>tado</span> <span class='ocrx_word' id='word_1_299' title='bbox 1219 3585 1392 3644; x_wconf 83' lang='lat' dir='ltr'>numeratos</span> <span class='ocrx_word' id='word_1_300' title='bbox 1407 3579 1454 3643; x_wconf 93' lang='lat' dir='ltr'>in·</span> 
     </span>
     <span class='ocr_line' id='line_1_32' title="bbox 284 3681 1455 3768; baseline 0 -22"><span class='ocrx_word' id='word_1_301' title='bbox 284 3683 413 3762; x_wconf 65' lang='lat' dir='ltr'>ventu).</span> <span class='ocrx_word' id='word_1_302' title='bbox 447 3684 549 3766; x_wconf 76' lang='lat' dir='ltr'>licque</span> <span class='ocrx_word' id='word_1_303' title='bbox 569 3687 671 3746; x_wconf 69' lang='lat' dir='ltr'>umen</span> <span class='ocrx_word' id='word_1_304' title='bbox 692 3681 799 3748; x_wconf 81' lang='lat' dir='ltr'>diremi</span> <span class='ocrx_word' id='word_1_305' title='bbox 818 3683 934 3766; x_wconf 72' lang='lat' dir='ltr'>generis</span> <span class='ocrx_word' id='word_1_306' title='bbox 954 3683 1048 3760; x_wconf 86' lang='lat' dir='ltr'>ibam,</span> <span class='ocrx_word' id='word_1_307' title='bbox 1069 3701 1159 3768; x_wconf 89' lang='lat' dir='ltr'>quam</span> <span class='ocrx_word' id='word_1_308' title='bbox 1185 3683 1292 3748; x_wconf 87' lang='lat' dir='ltr'>Suidae</span> <span class='ocrx_word' id='word_1_309' title='bbox 1318 3687 1455 3746; x_wconf 86' lang='lat' dir='ltr'>auctores</span> 
     </span>
    </p>
   </div>
   <div class='ocr_carea' id='block_1_3' title="bbox 287 3905 1513 4497">
    <p class='ocr_par' dir='ltr' id='par_1_3' title="bbox 287 3905 1513 4497">
     <span class='ocr_line' id='line_1_33' title="bbox 356 3905 1456 3978; baseline 0 -18"><span class='ocrx_word' id='word_1_310' title='bbox 356 3909 381 3975; x_wconf 85' lang='lat' dir='ltr'>l)</span> <span class='ocrx_word' id='word_1_311' title='bbox 398 3907 535 3960; x_wconf 63' lang='lat' dir='ltr'>Asander</span> <span class='ocrx_word' id='word_1_312' title='bbox 545 3907 613 3959; x_wconf 81' lang='lat' dir='ltr'>eain</span> <span class='ocrx_word' id='word_1_313' title='bbox 629 3905 768 3960; x_wconf 80' lang='lat' dir='ltr'>Welcboro</span> <span class='ocrx_word' id='word_1_314' title='bbox 786 3905 914 3975; x_wconf 64' lang='lat' dir='ltr'>(enlm.</span> <span class='ocrx_word' id='word_1_315' title='bbox 932 3923 958 3975; x_wconf 87' lang='lat' dir='ltr'>p.</span> <span class='ocrx_word' id='word_1_316' title='bbox 974 3905 1083 3962; x_wconf 82' lang='lat' dir='ltr'>bxxllt</span> <span class='ocrx_word' id='word_1_317' title='bbox 1104 3909 1163 3978; x_wconf 73' lang='lat' dir='ltr'>spi,</span> <span class='ocrx_word' id='word_1_318' title='bbox 1179 3921 1243 3978; x_wconf 82' lang='lat' dir='ltr'>quac</span> <span class='ocrx_word' id='word_1_319' title='bbox 1259 3905 1351 3960; x_wconf 78' lang='lat' dir='ltr'>Saldae</span> <span class='ocrx_word' id='word_1_320' title='bbox 1367 3905 1456 3960; x_wconf 79' lang='lat' dir='ltr'>bobeta</span> 
     </span>
     <span class='ocr_line' id='line_1_34' title="bbox 287 3987 1456 4067; baseline -0.001 -21"><span class='ocrx_word' id='word_1_321' title='bbox 287 3987 403 4064; x_wconf 75' lang='lat' dir='ltr'>yvripsar</span> <span class='ocrx_word' id='word_1_322' title='bbox 412 3987 453 4044; x_wconf 77' lang='grc' dir='ltr'>δι’</span> <span class='ocrx_word' id='word_1_323' title='bbox 467 3989 590 4063; x_wconf 75' lang='lat' dir='ltr'>lisyeter</span> <span class='ocrx_word' id='word_1_324' title='bbox 601 3993 641 4053; x_wconf 70' lang='lat' dir='ltr'>cle</span> <span class='ocrx_word' id='word_1_325' title='bbox 651 3988 706 4059; x_wconf 67' lang='lat' dir='ltr'>tna</span> <span class='ocrx_word' id='word_1_326' title='bbox 716 3989 765 4061; x_wconf 67' lang='grc' dir='ltr'>μό,</span> <span class='ocrx_word' id='word_1_327' title='bbox 777 3991 825 4046; x_wconf 71' lang='lat' dir='ltr'>aab</span> <span class='ocrx_word' id='word_1_328' title='bbox 837 3989 911 4066; x_wconf 77' lang='lat' dir='ltr'>aspir</span> <span class='ocrx_word' id='word_1_329' title='bbox 926 3989 1041 4067; x_wconf 72' lang='grc' dir='ltr'><em>Κύρνον</em></span> <span class='ocrx_word' id='word_1_330' title='bbox 1058 3993 1109 4049; x_wconf 77' lang='lat' dir='ltr'>adr</span> <span class='ocrx_word' id='word_1_331' title='bbox 1125 3990 1212 4048; x_wconf 78' lang='lat' dir='ltr'>edred</span> <span class='ocrx_word' id='word_1_332' title='bbox 1229 3989 1374 4066; x_wconf 64' lang='grc' dir='ltr'>ἐρόμενον</span> <span class='ocrx_word' id='word_1_333' title='bbox 1385 4009 1456 4062; x_wconf 76' lang='lat' dir='ltr'>yvo-</span> 
     </span>
     <span class='ocr_line' id='line_1_35' title="bbox 287 4071 1458 4153; baseline 0.003 -22"><span class='ocrx_word' id='word_1_334' title='bbox 287 4079 427 4148; x_wconf 64' lang='lat' dir='ltr'>praeytae</span> <span class='ocrx_word' id='word_1_335' title='bbox 436 4071 479 4130; x_wconf 76' lang='grc' dir='ltr'>δι’</span> <span class='ocrx_word' id='word_1_336' title='bbox 492 4078 676 4149; x_wconf 67' lang='lat' dir='ltr'>iteraturam</span> <span class='ocrx_word' id='word_1_337' title='bbox 688 4077 783 4150; x_wconf 69' lang='lat' dir='ltr'>dripere</span> <span class='ocrx_word' id='word_1_338' title='bbox 793 4079 942 4148; x_wconf 69' lang='grc' dir='ltr'>ὑποθήκας</span> <span class='ocrx_word' id='word_1_339' title='bbox 952 4077 1168 4153; x_wconf 66' lang='grc' dir='ltr'>περιεκτικός,</span> <span class='ocrx_word' id='word_1_340' title='bbox 1180 4078 1215 4134; x_wconf 83' lang='lat' dir='ltr'>rai</span> <span class='ocrx_word' id='word_1_341' title='bbox 1233 4076 1327 4134; x_wconf 76' lang='lat' dir='ltr'>urina</span> <span class='ocrx_word' id='word_1_342' title='bbox 1343 4075 1458 4146; x_wconf 72' lang='lat' dir='ltr'>insacia,</span> 
     </span>
     <span class='ocr_line' id='line_1_36' title="bbox 289 4163 1458 4236; baseline 0.003 -20"><span class='ocrx_word' id='word_1_343' title='bbox 289 4163 425 4218; x_wconf 80' lang='lat' dir='ltr'>sdivomls</span> <span class='ocrx_word' id='word_1_344' title='bbox 436 4163 583 4218; x_wconf 65' lang='lat' dir='ltr'>saucibus</span> <span class='ocrx_word' id='word_1_345' title='bbox 595 4167 729 4234; x_wconf 81' lang='lat' dir='ltr'>compilata</span> <span class='ocrx_word' id='word_1_346' title='bbox 741 4181 808 4234; x_wconf 78' lang='lat' dir='ltr'>esra,</span> <span class='ocrx_word' id='word_1_347' title='bbox 819 4173 846 4219; x_wconf 85' lang='lat' dir='ltr'>et</span> <span class='ocrx_word' id='word_1_348' title='bbox 866 4167 898 4219; x_wconf 86' lang='lat' dir='ltr'>ad</span> <span class='ocrx_word' id='word_1_349' title='bbox 914 4182 987 4220; x_wconf 85' lang='lat' dir='ltr'>unam</span> <span class='ocrx_word' id='word_1_350' title='bbox 1003 4169 1156 4236; x_wconf 77' lang='lat' dir='ltr'>eandemque</span> <span class='ocrx_word' id='word_1_351' title='bbox 1173 4165 1361 4236; x_wconf 64' lang='lat' dir='ltr'>monologion</span> <span class='ocrx_word' id='word_1_352' title='bbox 1377 4165 1458 4232; x_wconf 87' lang='lat' dir='ltr'>parti·</span> 
     </span>
     <span class='ocr_line' id='line_1_37' title="bbox 290 4246 1456 4326; baseline 0.001 -24"><span class='ocrx_word' id='word_1_353' title='bbox 290 4263 359 4302; x_wconf 76' lang='lat' dir='ltr'>nora.</span> <span class='ocrx_word' id='word_1_354' title='bbox 383 4249 560 4320; x_wconf 73' lang='lat' dir='ltr'>Bombsrdpos</span> <span class='ocrx_word' id='word_1_355' title='bbox 575 4251 689 4318; x_wconf 80' lang='lat' dir='ltr'>copulare</span> <span class='ocrx_word' id='word_1_356' title='bbox 705 4259 764 4305; x_wconf 68' lang='lat' dir='ltr'>som</span> <span class='ocrx_word' id='word_1_357' title='bbox 782 4249 857 4323; x_wconf 78' lang='grc' dir='ltr'>πρὸς</span> <span class='ocrx_word' id='word_1_358' title='bbox 872 4247 987 4326; x_wconf 71' lang='grc' dir='ltr'><strong><em>Κύρνον</em></strong></span> <span class='ocrx_word' id='word_1_359' title='bbox 1002 4254 1092 4320; x_wconf 80' lang='lat' dir='ltr'>dolari,</span> <span class='ocrx_word' id='word_1_360' title='bbox 1116 4253 1301 4322; x_wconf 65' lang='lat' dir='ltr'>marmoree</span> <span class='ocrx_word' id='word_1_361' title='bbox 1317 4250 1406 4304; x_wconf 81' lang='lat' dir='ltr'>vorbis</span> <span class='ocrx_word' id='word_1_362' title='bbox 1421 4246 1456 4304; x_wconf 81' lang='lat' dir='ltr'>rei</span> 
     </span>
     <span class='ocr_line' id='line_1_38' title="bbox 292 4329 1513 4410; baseline 0.001 -22"><span class='ocrx_word' id='word_1_363' title='bbox 292 4329 384 4388; x_wconf 66' lang='lat' dir='ltr'>san·</span> <span class='ocrx_word' id='word_1_364' title='bbox 394 4331 498 4398; x_wconf 69' lang='lat' dir='ltr'>inuris</span> <span class='ocrx_word' id='word_1_365' title='bbox 509 4335 573 4390; x_wconf 78' lang='lat' dir='ltr'>nibil</span> <span class='ocrx_word' id='word_1_366' title='bbox 585 4337 634 4390; x_wconf 79' lang='lat' dir='ltr'>slsl</span> <span class='ocrx_word' id='word_1_367' title='bbox 644 4345 777 4392; x_wconf 72' lang='lat' dir='ltr'>omns·</span> <span class='ocrx_word' id='word_1_368' title='bbox 793 4339 904 4410; x_wconf 79' lang='lat' dir='ltr'>speciest</span> <span class='ocrx_word' id='word_1_369' title='bbox 920 4339 1041 4394; x_wconf 81' lang='lat' dir='ltr'>earnlsis</span> <span class='ocrx_word' id='word_1_370' title='bbox 1058 4339 1200 4407; x_wconf 65' lang='lat' dir='ltr'>significari</span> <span class='ocrx_word' id='word_1_371' title='bbox 1214 4339 1284 4403; x_wconf 80' lang='lat' dir='ltr'>vult,</span> <span class='ocrx_word' id='word_1_372' title='bbox 1297 4335 1458 4406; x_wconf 71' lang='lat' dir='ltr'>amadus·</span> <span class='ocrx_word' id='word_1_373' title='bbox 1512 4334 1513 4338; x_wconf 75' lang='grc'>’</span> 
     </span>
     <span class='ocr_line' id='line_1_39' title="bbox 292 4413 1459 4497; baseline 0.005 -23"><span class='ocrx_word' id='word_1_374' title='bbox 292 4419 351 4474; x_wconf 77' lang='lat' dir='ltr'>du</span> <span class='ocrx_word' id='word_1_375' title='bbox 360 4413 679 4480; x_wconf 55' lang='lat' dir='ltr'>ablactabantur.</span> <span class='ocrx_word' id='word_1_376' title='bbox 696 4422 723 4480; x_wconf 85' lang='lat' dir='ltr'>ld</span> <span class='ocrx_word' id='word_1_377' title='bbox 738 4433 811 4482; x_wconf 82' lang='lat' dir='ltr'>sarta</span> <span class='ocrx_word' id='word_1_378' title='bbox 826 4425 998 4496; x_wconf 78' lang='lat' dir='ltr'>probablllor,</span> <span class='ocrx_word' id='word_1_379' title='bbox 1013 4441 1087 4496; x_wconf 74' lang='lat' dir='ltr'>quau</span> <span class='ocrx_word' id='word_1_380' title='bbox 1105 4429 1171 4497; x_wconf 71' lang='lat' dir='ltr'>quod</span> <span class='ocrx_word' id='word_1_381' title='bbox 1187 4425 1232 4482; x_wconf 81' lang='lat' dir='ltr'>alil</span> <span class='ocrx_word' id='word_1_382' title='bbox 1247 4424 1387 4482; x_wconf 79' lang='lat' dir='ltr'>voluerunt</span> <span class='ocrx_word' id='word_1_383' title='bbox 1401 4419 1459 4480; x_wconf 76' lang='lat' dir='ltr'>tte·</span> 
     </span>
    </p>
   </div>
   <div class='ocr_carea' id='block_1_4' title="bbox 0 0 1665 4958">
    <p class='ocr_par' dir='ltr' id='par_1_4' title="bbox 0 0 1665 4958">
     <span class='ocr_line' id='line_1_40' title="bbox 0 0 1665 4958; baseline 0 0"><span class='ocrx_word' id='word_1_384' title='bbox 0 0 1665 4958; x_wconf 95' lang='lat' dir='ltr'> </span> 
     </span>
    </p>
   </div>
  </div>
 </body>
</html>
