3186 4958
725 450 842 548 ..All

220 641 323 704 luerit:
345 645 460 702 tontum
480 637 607 711 scilicet,
630 646 774 722 quantum
796 660 832 704 ex
847 639 998 704 iltltcnoee
1018 641 1155 724 cognosci
1171 653 1278 725 potest.
1309 645 1384 709 Pro·

222 744 298 807 bnrit
313 752 411 806 sutem
428 743 490 805 eius
502 741 700 806 coniecturam
717 743 879 808 lleinekius
891 749 929 822 ¹),
949 746 1186 828 sententiamque
1203 748 1257 811 loci
1271 748 1315 811 sic
1329 769 1384 832 op·

166 913 168 920 Α
220 847 292 910 tirno
314 845 470 909 indicotsrn
492 865 558 908 esse
578 855 695 909 censet:
719 847 791 910 milti
808 868 840 910 es
856 865 915 910 tion
931 848 1052 930 quidem
1068 849 1211 924 absurdo,
1232 851 1385 932 haudqua-

220 969 311 1034 quom
337 959 435 1012 tomen
456 949 568 1032 optimo
589 969 653 1012 esse
674 949 797 1013 ridetur.
834 951 909 1024 Quid
930 952 1009 1014 enim
1032 973 1096 1015 esso
1117 953 1250 1017 dicemus
1276 945 1324 1030 ele
1345 950 1384 1018 cri

219 1047 412 1130 συμπόσιον
438 1047 657 1137 ἐγγραφῆναι,
688 1055 725 1116 in
751 1053 977 1136 spntposium
1004 1055 1187 1120 inscribi?
1222 1059 1267 1119 dn
1293 1058 1385 1122 rnoris

219 1155 321 1228 luisse,
338 1167 369 1219 ut
385 1175 400 1218 n
416 1155 537 1218 domino
551 1156 676 1219 eouririi
694 1159 814 1220 nomino
826 1157 1015 1220 concisurum
1028 1158 1057 1220 in
1072 1159 1164 1222 indice
1176 1160 1386 1234 scriberentur,

86 1339 93 1354 ·
157 1343 159 1348 Α
220 1259 348 1341 ideoque
367 1257 586 1340 inscriptum
608 1279 694 1321 csse
715 1259 749 1322 in
772 1259 997 1343 symposium
1019 1261 1097 1324 idern
1119 1262 1281 1344 signiticnro
1297 1271 1386 1344 atquo

220 1362 257 1425 in
278 1379 428 1424 numero
447 1361 679 1426 concinorum
699 1359 808 1425 ossei
830 1363 915 1426 Certe
930 1363 1098 1446 exemplum
1115 1373 1166 1428 sut
1181 1365 1386 1428 testimonium

218 1464 310 1528 huius
326 1464 417 1528 moris
432 1463 546 1527 nullum
561 1473 660 1528 extare
682 1466 781 1538 enredo,
802 1483 897 1547 neque
914 1467 1059 1548 intelligo,
1080 1486 1137 1548 quo
1152 1469 1265 1530 ratione
1281 1467 1387 1548 uliquis

218 1587 253 1630 sc
268 1567 360 1628 civem
378 1568 501 1648 prebere
516 1567 573 1630 boc
584 1577 759 1646 argumento
772 1569 910 1649 potuerit,
926 1571 1005 1650 qnod
1020 1569 1247 1633 incentivorum
1261 1587 1387 1632 numero

219 1677 310 1742 esset,
326 1669 411 1751 qussi
427 1687 487 1731 non
503 1669 673 1751 peregrinos
689 1688 807 1751 quoquc
822 1671 858 1732 sd
875 1671 1040 1734 convivium
1054 1671 1151 1735 rocori
1163 1671 1288 1735 licuerit.
1311 1670 1386 1734 Num

219 1771 279 1834 ltoc
292 1771 412 1854 quidem
428 1771 554 1835 dubitari
568 1791 629 1834 non
644 1781 752 1854 potest,
768 1773 839 1854 quin
855 1773 889 1844 is,
905 1791 994 1854 quem
1007 1773 1142 1837 Cratinus
1157 1775 1326 1856 loquentem
1340 1774 1388 1836 in-

219 1874 320 1948 duxit,
340 1875 486 1938 ciuitatem
508 1893 592 1938 suam
619 1875 673 1938 inc
694 1875 884 1958 inscriptione
906 1875 1100 1957 comprobare
1122 1877 1256 1940 uoluerit.
1287 1877 1388 1958 ltaque

221 1997 315 2060 quum
331 1977 385 2040 elis
401 1977 553 2060 explicatio
568 1977 830 2060 circumspiciendo
845 1979 894 2052 sit,
910 1977 1045 2061 equidem
1062 1975 1224 2041 κυλικεῖον
1239 1979 1309 2042 illud
1326 1979 1388 2041 col·

220 2081 330 2163 lenium
347 2081 407 2142 sire
422 2081 595 2144 sodalicium
611 2099 675 2144 esse
690 2082 817 2144 arbitror
828 2081 935 2144 citium
947 2083 1123 2156 Atticorum,
1139 2082 1237 2163 inquo
1248 2080 1388 2144 sodslieio
1483 2076 1485 2084 ’

221 2186 298 2248 hoec
312 2184 356 2246 lex
369 2183 583 2257 observaretur,
593 2191 626 2245 ut
639 2184 786 2246 nerninem
799 2185 857 2247 nisi
868 2183 960 2247 circen
973 2203 1098 2248 numero
1110 2203 1165 2247 suo
1177 2183 1388 2258 adscriberent,

222 2289 303 2352 unde
320 2287 401 2350 lecile
417 2285 479 2349 fleri
496 2285 603 2367 potuit,
625 2295 658 2348 ut
672 2287 807 2349 Cratinus
822 2285 950 2368 aliquem
966 2287 1016 2350 toli
1032 2295 1205 2368 argumento
1221 2287 1263 2349 uti
1278 2288 1389 2350 luceret

222 2391 259 2453 od
282 2389 427 2452 civitatem
449 2406 534 2450 susm
550 2387 744 2469 prebendam,
765 2387 877 2450 scilicet
892 2405 953 2450 non
969 2387 998 2450 in
1014 2387 1081 2450 loro
1097 2407 1131 2451 ac
1146 2388 1269 2462 iudicio,
1290 2389 1388 2452 sedin

221 2494 322 2574 aliquo
343 2490 506 2554 stoicorum
526 2489 635 2553 circulo
654 2499 684 2552 ct
704 2491 735 2552 in
755 2490 871 2554 actione
891 2489 1017 2564 ludicra,
1039 2490 1069 2554 in
1089 2509 1146 2572 qur
1166 2491 1254 2556 etiam
1276 2491 1389 2554 ludicro

221 2603 399 2677 argumento
413 2593 496 2658 loeus
511 2601 600 2656 esset.
624 2593 767 2656 Sodalicio
782 2602 880 2656 autern
892 2593 1014 2656 Athenis
1028 2595 1173 2674 permulto
1188 2593 1258 2656 surii
1273 2593 1388 2674 generis

220 2699 316 2762 luisse
331 2699 495 2776 constent),
516 2694 546 2758 in
562 2695 670 2777 quibus
684 2697 841 2768 nonnulle,
862 2715 937 2778 quse
953 2694 1024 2757 nihil
1039 2695 1117 2758 uliud
1131 2695 1186 2756 sibi
1201 2695 1388 2777 propositum

221 2802 382 2872 ualerent,
408 2797 465 2860 nisi
491 2806 524 2859 ut
548 2782 633 2860 'statis
658 2797 761 2861 diebus
780 2797 947 2878 congregati
970 2798 1086 2860 sodoles
1107 2797 1237 2861 hilariter
1258 2797 1336 2860 inter
1356 2817 1388 2860 so

223 2901 450 2967 convivarentur
469 2901 603 2980 ludisque
623 2909 654 2964 et
674 2899 745 2963 iocis
765 2919 798 2963 se
819 2899 1009 2962 oblectarent.
1039 2899 1081 2962 iix
1102 2900 1159 2962 hoc
1174 2918 1280 2980 genero
1294 2918 1390 2964 unum

223 3003 441 3068 nobilissimum
458 3003 594 3064 norimus
609 3001 764 3066 bominum
780 3001 945 3083 sexaginte,
966 3000 1016 3083 qui
1032 3011 1190 3082 patronum
1206 3003 1261 3065 silei
1277 3003 1390 3066 llercu·

223 3109 282 3172 lem
299 3107 437 3176 lecerunt,
453 3105 575 3166 beroem
592 3105 739 3186 epulnndo
754 3114 785 3168 et
800 3104 931 3190 petendo
946 3121 1005 3165 non
1022 3104 1120 3166 rninus
1135 3124 1225 3186 quom
1241 3105 1390 3168 laboribus

223 3207 409 3274 cruntlumlis
429 3206 589 3288 insignem,
609 3208 645 3270 od
668 3207 751 3270 cuius
770 3209 872 3270 lanum
889 3207 1046 3269 [linurenso
1062 3207 1230 3288 congregari
1246 3207 1390 3280 solebant,

224 3311 372 3393 dictisque
392 3318 421 3372 et
441 3309 525 3373 laetis
545 3309 723 3374 ioculoribus
744 3319 774 3374 et
791 3309 920 3373 ridiculis
940 3314 1052 3372 tentum
1076 3326 1137 3372 non
1158 3309 1254 3372 solum
1270 3307 1391 3370 Athenis

224 3415 278 3480 sed
294 3414 383 3477 etium
399 3412 477 3496 opud
493 3417 610 3476 exteros
625 3413 824 3476 celebritatem
841 3411 919 3478 neoti
933 3421 1027 3487 erunt,
1043 3419 1076 3474 ut
1088 3411 1251 3497 l'bilippus,
1267 3428 1318 3474 rex
1330 3407 1392 3472 llo-

225 3517 382 3592 cedonioe,
404 3533 530 3600 mugnus
543 3515 735 3580 ridiculomm
752 3525 876 3590 omstor,
896 3515 1003 3580 librum
1020 3513 1076 3578 sibi
1090 3513 1127 3578 de
1142 3513 1176 3578 iis
1191 3513 1331 3596 componi
1345 3511 1392 3577 in·

224 3621 312 3688 beret
331 3619 409 3686 laute
430 3618 565 3686 mercede
584 3619 730 3700 nutant).
759 3617 863 3703 Neque
881 3617 986 3683 drussi
1001 3615 1115 3702 generis
1129 3615 1251 3684 luerunt
1265 3635 1342 3701 quos
1356 3635 1393 3682 ex

299 3863 323 3927 l)
342 3861 442 3929 Fssgus.
455 3863 544 3916 comis.
557 3861 597 3917 ill.
610 3880 633 3934 p.
645 3860 703 3914 378.

297 3948 324 4013 2)
341 3947 380 4001 l'l.
392 3946 483 4000 librom
495 3948 526 3999 dc
539 3949 635 4016 setiqu.
647 3963 731 4016 grem.
744 3945 882 4002 vcrusculo
893 3947 1016 4018 scriptun
1028 3955 1089 4002 torn.
1105 3948 1114 4000 l
1129 3965 1153 4017 p.
1167 3947 1218 4000 bil
1230 3962 1268 4015 sq.

297 4035 323 4096 :n
341 4033 464 4087 Atltcrrnc.
483 4032 551 4096 xlv,
569 4035 585 4086 :t
601 4051 625 4103 p.
642 4034 705 4086 ulte
729 4034 838 4100 πλῆθος
858 4025 921 4102 dbis
936 4031 1087 4107 Ἀθήνησιν
1106 4035 1157 4102 τῆς
1172 4036 1279 4102 coep-reo
1295 4025 1396 4098 tacitns

230 4117 352 4187 (loquitur
363 4119 395 4171 dc
406 4121 613 4190 pstreronoedql.
635 4113 681 4172 'Iis
692 4120 762 4190 yonis·
775 4121 813 4173 roi
826 4115 1127 4194 Asopius‘ldprmlelp
1140 4119 1324 4188 συνελέγοντο
1336 4111 1396 4183 iili·

160 4268 162 4272 ¹
229 4221 316 4257 corre
327 4199 405 4265 ὄντες
415 4203 466 4258 rds
477 4199 614 4274 ἀριθμόν,
625 4207 672 4258 καὶ
683 4203 716 4259 ds
729 4206 762 4278 spi
772 4201 852 4260 πόλει
863 4201 1054 4278 ὠνομάζοντο,
1066 4201 1104 4265 nir
1115 4205 1172 4273 „Ol
1179 4199 1312 4270 ἱξὴκονια
1321 4195 1395 4256 τοῦτ’

173 4343 175 4350 ,
230 4287 332 4344 steort*
347 4291 394 4342 nul
409 4287 497 4357 „iderti
516 4291 572 4344 ror
583 4287 715 4358 disiunctus
728 4289 871 4363 lpxoprnrd‘
882 4317 916 4332 -
930 4285 1060 4357 Τοσαύτη
1073 4285 1195 4344 dci-ruis
1206 4285 1275 4350 δόξα
1287 4291 1336 4355 tris
1347 4287 1396 4362 tlu-

231 4379 339 4446 θυμίας
354 4375 475 4447 iydrtro,
492 4371 529 4436 sir
540 4377 586 4432 rel
600 4377 752 4430 cartennae
764 4369 925 4432 deridemur
938 4374 989 4430 rein
1001 4372 1160 4432 Μακεδόνα
1173 4377 1289 4448 aspen
1299 4369 1397 4432 devoir

230 4455 377 4532 rsit-sm,
393 4459 429 4518 ls'
446 4459 659 4537 trypoqdpesoe
677 4457 711 4517 rei
727 4463 826 4536 γελοῖα
842 4464 997 4533 πέμπωσιν
1013 4459 1098 4535 αὐτῷ.
1121 4455 1160 4518 Gi.
1176 4461 1219 4534 Vl,
1235 4461 1278 4516 ld.
1294 4459 1396 4532 pilius
