3266 4958
130 1175 309 1255 menneo
334 1172 568 1268 ιιιιιιιιιιιιο,
593 1175 744 1256 ntsnon
769 1179 808 1256 n
835 1178 1002 1258 nnlvnnn
1028 1181 1142 1258 nene.
1165 1181 1269 1260 neon.
1367 1175 1373 1186 ’

367 1314 427 1378 GE.
450 1313 551 1381 Flill).
574 1317 858 1384 sellonltannns
880 1320 912 1384 S.
936 1321 969 1384 P.
993 1319 1027 1384 lt.

114 1519 186 1604 lili
200 1538 407 1622 potissimum,
428 1538 544 1620 optime
559 1539 731 1614 Sellaelere‚
752 1549 788 1603 nt
802 1541 874 1605 haee
889 1542 1030 1623 opuscula
1045 1539 1210 1604 dedioarem
1226 1541 1285 1604 im·
1348 1581 1362 1628 .·
1391 1562 1400 1570 ¹*
1503 1555 1523 1573 ⁴

109 1641 188 1724 pulit
203 1661 252 1706 me
267 1649 350 1724 grau
364 1637 428 1704 eiua
445 1640 590 1725 temporis
605 1641 759 1724 memoria,
783 1659 844 1724 qno
858 1652 888 1704 te
902 1643 933 1705 in
949 1643 1003 1705 hae
1017 1640 1205 1706 universitate
1220 1645 1284 1707 ool·

110 1741 209 1824 legam
234 1742 335 1808 habui.
365 1739 442 1804 Nam
470 1743 554 1806 aalde
580 1761 629 1806 me
651 1739 706 1806 lint
726 1743 892 1806 conciliavit
911 1761 973 1806 non
994 1744 1091 1806 solum
1112 1755 1285 1827 perspectus
1355 1777 1358 1784 »

109 1843 205 1909 animi
220 1845 264 1909 tui
278 1843 391 1910 eander
405 1849 436 1905 et
450 1862 572 1908 morum
588 1844 741 1926 elegantia,
757 1844 810 1908 sed
825 1844 914 1908 etiam
929 1845 1097 1908 studiomm
1111 1846 1286 1922 similitudo,
1407 1833 1415 1845 ’
1488 1919 1492 1926 ,

109 1961 209 2028 quum
234 1947 266 2011 in
291 1945 672 2030 pereomtandie'uoternm
694 1946 875 2011 Graeoomm
903 1947 1104 2010 monumentis
1124 1957 1154 2010 to
1175 1949 1287 2030 pariter
1366 1925 1378 1944 ’
1458 1948 1468 1958 ’

108 2065 233 2112 meeum
248 2057 301 2113 ant
315 2046 487 2130 diligentius
501 2048 590 2112 etiam
606 2057 755 2112 versatum
777 2068 843 2113 esse
858 2048 1060 2130 intelligerem,
1080 2056 1110 2111 et
1123 2049 1286 2132 antiquita·
1394 2052 1400 2062 '
1488 2115 1493 2122 ,
1589 2132 1598 2142 Ι

15 2219 17 2224 ,
107 2157 178 2214 tum
193 2168 366 2235 graecarum
381 2148 505 2214 altarem
519 2150 680 2214 editionem
696 2170 803 2234 parans
819 2151 947 2214 consiliio
963 2151 1021 2214 tuis
1035 2150 1287 2215 etadmonitioni-
1384 2221 1387 2228 ,
1432 2201 1443 2224 ,.
1511 2193 1528 2226 ·.
1559 2150 1605 2234 ,μ’

107 2250 167 2316 bue
190 2271 254 2318 uon
272 2251 368 2318 semel
381 2251 544 2316 adiuvaret.
574 2253 653 2316 liaeo
667 2253 788 2337 quidem
804 2271 879 2335 «puae
900 2271 981 2316 nuno
1000 2251 1052 2314 dni
1072 2254 1287 2334 offerturopu·
1406 2283 1412 2290 ·
1457 2251 1489 2312 ’.
1568 2301 1573 2308 .

107 2353 267 2420 anulorum
288 2353 424 2419 eolleetio
440 2352 549 2418 diversi
573 2355 689 2438 generis
715 2361 778 2431 est3
804 2363 935 2418 attamen
960 2371 998 2417 ne
1019 2353 1071 2418 luae
1092 2355 1213 2437 quidem
1233 2364 1288 2422 aut
1350 2413 1355 2418 .
1407 2343 1487 2418 ..ἵ
1524 2419 1531 2426 ,

108 2454 309 2524 diorthotieae
324 2465 376 2522 ant
390 2457 553 2539 exegetieas
568 2457 836 2540 autgrammaticas
852 2456 1065 2538 disputationes
1075 2467 1104 2520 te
1113 2465 1287 2538 spreturum
1390 2447 1419 2528 J',
1454 2487 1459 2494 ·
1490 2441 1515 2470 ²
1537 2496 1579 2531 2
1596 2471 1607 2549 3

110 2576 180 2622 esse
195 2561 329 2634 eonlido,
351 2557 420 2641 quia
435 2557 547 2620 nullam
563 2559 740 2642 philologiae
755 2565 870 2644 partem
884 2557 989 2622 studiis
1004 2559 1064 2620 tuis
1078 2558 1204 2621 alienam
1219 2579 1317 2626 esse·
1402 2639 1405 2644 ,
1446 2567 1456 2575 ”
1591 2615 1597 2630 ,

111 2657 190 2734 seio,
210 2681 245 2726 ae
263 2659 362 2725 uerius
384 2651 571 2739 Φιλόλογον
592 2667 622 2722 te
637 2679 702 2722 esse
717 2661 831 2729 iudioo,
857 2677 947 2741 quom
964 2659 1073 2720 multos
1087 2677 1209 2735 eorum,
1234 2658 1317 2746 qui'
1366 2659 1369 2662 ’
1428 2721 1433 2728 ,
1468 2681 1479 2694 -
1545 2701 1553 2730 ς
1590 2651 1606 2713 l·

111 2760 205 2844 vulgo
230 2780 313 2827 nuno
337 2760 396 2824 hoo
414 2760 536 2824 nomine
556 2759 756 2844 designantur.
785 2761 982 2824 Continentur
1002 2769 1102 2822 annm
1122 2760 1181 2825 hoo
1199 2764 1313 2829 uolu··
1354 2787 1364 2806 .
1434 2759 1442 2766 '
1484 2803 1494 2812 -
1572 2813 1609 2849 ·:

113 2861 200 2926 mine
229 2865 345 2944 adquot
374 2871 593 2946 programmata
619 2863 725 2946 partim
750 2861 895 2926 indicibus
922 2860 1089 2924 scholamm
1116 2866 1289 2947 praemissa,
1317 2867 1335 2947 j
1375 2851 1400 2906 Γ
1598 2863 1608 2934 ’,

113 2963 227 3046 partim
251 2961 418 3027 indicendis
442 2962 626 3026 solemnibus
646 2963 822 3028 academicis
841 2963 950 3045 scripta
972 2962 1040 3025 inde
1054 2963 1092 3024 el)
1106 2967 1290 3047 ann.1858,
1379 3015 1400 3050 ..-
1431 2970 1440 2982 '

115 3081 180 3144 quo
199 3081 281 3129 anno
301 3063 424 3128 tertium
446 3063 658 3146 opusculontm
678 3065 817 3128 volumen
831 3064 927 3137 edidi,
947 3081 1042 3145 usqne
1057 3063 1093 3126 ad
1107 3083 1175 3129 ann.
1195 3069 1290 3149 1867,
1409 3051 1454 3085 “”
1518 3133 1523 3140 ,
1543 3127 1557 3140 ,
1589 3073 1610 3142 ,ἑ

115 3181 179 3245 qno
198 3175 334 3250 temporo
354 3164 413 3228 hoo
431 3165 579 3230 smhend
597 3185 708 3233 munus
728 3167 892 3232 iunioribus
906 3163 1025 3246 collegis
1040 3166 1214 3232 mandatum
1227 3181 1286 3238 est.
1375 3247 1378 3254 ,

115 3265 160 3328 do
174 3285 222 3331 me
237 3267 359 3349 quidem
373 3272 409 3330 ul
422 3267 523 3333 velena
537 3289 575 3333 eo
589 3269 754 3335 abdicarem
769 3287 831 3334 non
846 3269 936 3333 modo
951 3273 1089 3330 senectus
1104 3287 1170 3333 mea
1184 3285 1290 3340 aucta·

114 3384 174 3450 qno
187 3367 295 3432 indies
309 3367 708 3446 inllrmitaaadmonuitsed
723 3373 846 3438 aooeesit
860 3371 984 3455 insuper
997 3369 1107 3453 aliquid
1123 3374 1291 3441 ollensinn·
1374 3451 1379 3456 ‚
1414 3437 1416 3440 .
1533 3333 1540 3344 ι
1568 3403 1583 3414 ·

112 3469 197 3534 unlao
211 3488 250 3534 ex
264 3487 362 3545 musa,
378 3477 413 3534 ut
427 3489 507 3538 nuno
522 3475 630 3551 sentio,
645 3493 789 3559 perquam
802 3475 881 3540 lutili
895 3483 927 3538 et
940 3491 1016 3555 quae
1025 3484 1106 3539 rooto
1115 3477 1289 3548 aestimanti

114 3571 209 3636 risum
229 3571 318 3636 eitius
340 3591 431 3656 quam
450 3573 683 3658 indignationem
702 3596 822 3644 movere
843 3575 988 3642 deluerit.
1023 3575 1157 3642 Fuerunt
1177 3597 1289 3667 nempe
1404 3617 1410 3626 ·
1457 3619 1464 3626 ·

113 3673 204 3738 oliam
218 3673 300 3757 apud
315 3691 370 3738 noa
385 3673 439 3738 riri
455 3675 574 3758 quidam
588 3681 767 3758 admodum,
789 3689 824 3745 ut
837 3679 895 3767 ipsi
909 3677 1041 3754 aiebam,
1060 3679 1204 3748 libertatis
1219 3695 1290 3752 stu·
1338 3733 1342 3740 -
1399 3736 1405 3750 .
1573 3687 1591 3734 '-

112 3773 198 3851 dioai,
215 3775 326 3858 gaubua
340 3795 521 3862 magnopere
535 3781 693 3868 diaplinrit,
714 3785 795 3869 quod
809 3781 981 3868 aliquoties,
1002 3781 1028 3847 ti
1043 3783 1163 3867 qnando
1177 3787 1289 3858 cisium
1381 3841 1387 3846 -
1484 3791 1491 3802 '

109 3875 230 3942 animos
254 3877 300 3944 rei
324 3877 457 3963 publicae
482 3882 562 3948 mm
587 3885 1289 3978 solitomagismoverietindiseraaapartes
1328 3926 1334 3934 ·
1384 3874 1395 3911 ²
1512 3897 1541 3943 “-
1589 3869 1628 3942 ·{'

107 3977 239 4043 distrahi
264 3978 413 4058 riderem,
438 4001 493 4066 ego
519 4005 570 4052 mo
595 4009 715 4078 quoque
739 3995 834 4061 civem
854 4011 922 4059 esso
942 3990 1137 4058 memineram
1158 4001 1190 4062 ot
1209 4019 1289 4086 quae
1356 4047 1364 4058 -
1405 3979 1409 3984 ¹
1470 3997 1496 4072 “.
1561 3975 1615 4004 ’Ἴ

104 4077 275 4144 ιοιιιίοΙιιιιι
296 4073 334 4144 do
352 4099 386 4146 ra
399 4083 515 4169 publiea
528 4089 620 4158 libem
635 4099 801 4180 prolitebar.
832 4097 866 4164 ld
881 4094 922 4161 illi
936 4093 1105 4162 suademioo
1121 4097 1239 4168 doctori
1254 4105 1289 4171 in

103 4178 1288 4296 lmnnexotnetosuilaodisoulemodoleuedamalautnuumrm-
1448 4251 1455 4264 ·
1626 4249 1627 4276 ι

101 4281 1287 4402 mmmmomposnm,qosorpaepenoaamnaenam,
1573 4317 1581 4324 ·
