<?xml version="1.0" encoding="UTF-8"?>
<!DOCTYPE html PUBLIC "-//W3C//DTD XHTML 1.0 Transitional//EN"
    "http://www.w3.org/TR/xhtml1/DTD/xhtml1-transitional.dtd">
<html xmlns="http://www.w3.org/1999/xhtml" xml:lang="en" lang="en">
 <head>
  <title>
</title>
<meta http-equiv="Content-Type" content="text/html;charset=utf-8" />
  <meta name='ocr-system' content='tesseract 3.04.00' />
  <meta name='ocr-capabilities' content='ocr_page ocr_carea ocr_par ocr_line ocrx_word'/>
</head>
<body>
  <div class='ocr_page' id='page_1' title='image "./opusculaacademi00schgoog_0110.png"; bbox 0 0 3186 4968; ppageno 0'>
   <div class='ocr_carea' id='block_1_1' title="bbox 734 415 882 516">
    <p class='ocr_par' dir='ltr' id='par_1_1' title="bbox 734 415 882 516">
     <span class='ocr_line' id='line_1_1' title="bbox 734 415 882 516; baseline 0.027 -2"><span class='ocrx_word' id='word_1_1' title='bbox 734 415 882 516; x_wconf 50' lang='grc' dir='ltr'>ἐξ...</span> 
     </span>
    </p>
   </div>
   <div class='ocr_carea' id='block_1_2' title="bbox 215 605 1445 4292">
    <p class='ocr_par' dir='ltr' id='par_1_2' title="bbox 215 605 1388 896">
     <span class='ocr_line' id='line_1_2' title="bbox 215 605 1384 689; baseline 0.002 -17"><span class='ocrx_word' id='word_1_2' title='bbox 215 607 303 672; x_wconf 83' lang='lat' dir='ltr'><strong>atrati</strong></span> <span class='ocrx_word' id='word_1_3' title='bbox 317 607 465 678; x_wconf 85' lang='lat' dir='ltr'><strong>dicuntur,</strong></span> <span class='ocrx_word' id='word_1_4' title='bbox 478 615 601 689; x_wconf 86' lang='lat' dir='ltr'><strong>apparel</strong></span> <span class='ocrx_word' id='word_1_5' title='bbox 618 623 677 668; x_wconf 91' lang='lat' dir='ltr'><strong>non</strong></span> <span class='ocrx_word' id='word_1_6' title='bbox 694 607 881 671; x_wconf 73' lang='lat' dir='ltr'><strong>mediocriter</strong></span> <span class='ocrx_word' id='word_1_7' title='bbox 894 607 937 670; x_wconf 85' lang='lat' dir='ltr'><strong>ric</strong></span> <span class='ocrx_word' id='word_1_8' title='bbox 957 605 1095 671; x_wconf 88' lang='lat' dir='ltr'><strong>illuetrari</strong></span> <span class='ocrx_word' id='word_1_9' title='bbox 1112 605 1218 672; x_wconf 86' lang='lat' dir='ltr'><strong>llacclri</strong></span> <span class='ocrx_word' id='word_1_10' title='bbox 1234 608 1384 681; x_wconf 82' lang='lat' dir='ltr'><strong>virtutem.</strong></span> 
     </span>
     <span class='ocr_line' id='line_1_3' title="bbox 217 705 1388 798; baseline 0.002 -25"><span class='ocrx_word' id='word_1_11' title='bbox 217 711 270 794; x_wconf 80' lang='lat' dir='ltr'><strong>apui</strong></span> <span class='ocrx_word' id='word_1_12' title='bbox 285 711 354 775; x_wconf 87' lang='lat' dir='ltr'><strong>telia</strong></span> <span class='ocrx_word' id='word_1_13' title='bbox 368 711 502 794; x_wconf 76' lang='lat' dir='ltr'><strong>quamde</strong></span> <span class='ocrx_word' id='word_1_14' title='bbox 517 708 685 773; x_wconf 77' lang='lat' dir='ltr'><strong>imbellibus</strong></span> <span class='ocrx_word' id='word_1_15' title='bbox 705 719 819 774; x_wconf 85' lang='lat' dir='ltr'><strong>lantum</strong></span> <span class='ocrx_word' id='word_1_16' title='bbox 841 719 941 774; x_wconf 86' lang='lat' dir='ltr'><strong>tamen</strong></span> <span class='ocrx_word' id='word_1_17' title='bbox 962 709 1094 774; x_wconf 80' lang='lat' dir='ltr'><strong>valuerit.</strong></span> <span class='ocrx_word' id='word_1_18' title='bbox 1142 710 1286 774; x_wconf 80' lang='lat' dir='ltr'><strong>Kiooero</strong></span> <span class='ocrx_word' id='word_1_19' title='bbox 1307 705 1388 798; x_wconf 73' lang='grc' dir='ltr'><strong><em>βέλη</em></strong></span> 
     </span>
     <span class='ocr_line' id='line_1_4' title="bbox 218 813 820 896; baseline -0.002 -19"><span class='ocrx_word' id='word_1_20' title='bbox 218 815 315 896; x_wconf 73' lang='lat' dir='ltr'><strong>thymi</strong></span> <span class='ocrx_word' id='word_1_21' title='bbox 329 813 468 878; x_wconf 80' lang='lat' dir='ltr'><strong>dictantur</strong></span> <span class='ocrx_word' id='word_1_22' title='bbox 480 814 511 878; x_wconf 94' lang='lat' dir='ltr'><strong>in</strong></span> <span class='ocrx_word' id='word_1_23' title='bbox 527 813 632 878; x_wconf 83' lang='lat' dir='ltr'><strong>ltacclr.</strong></span> <span class='ocrx_word' id='word_1_24' title='bbox 649 833 675 875; x_wconf 84' lang='lat' dir='ltr'><strong>r.</strong></span> <span class='ocrx_word' id='word_1_25' title='bbox 691 815 763 876; x_wconf 76' lang='grc'><strong>7119.</strong></span> <span class='ocrx_word' id='word_1_26' title='bbox 782 849 820 860; x_wconf 89' lang='grc'>-</span> 
     </span>
    </p>

    <p class='ocr_par' dir='ltr' id='par_1_3' title="bbox 218 917 1389 1104">
     <span class='ocr_line' id='line_1_5' title="bbox 310 917 1389 1001; baseline -0.002 -19"><span class='ocrx_word' id='word_1_27' title='bbox 310 917 394 982; x_wconf 79' lang='lat' dir='ltr'><strong>Nunc</strong></span> <span class='ocrx_word' id='word_1_28' title='bbox 414 919 536 981; x_wconf 84' lang='lat' dir='ltr'><strong>demum</strong></span> <span class='ocrx_word' id='word_1_29' title='bbox 558 919 766 1000; x_wconf 76' lang='lat' dir='ltr'><strong>contemplatio</strong></span> <span class='ocrx_word' id='word_1_30' title='bbox 792 919 837 981; x_wconf 85' lang='lat' dir='ltr'><strong>hia</strong></span> <span class='ocrx_word' id='word_1_31' title='bbox 860 917 1037 1001; x_wconf 75' lang='lat' dir='ltr'><strong>imaginihus</strong></span> <span class='ocrx_word' id='word_1_32' title='bbox 1060 917 1169 980; x_wconf 87' lang='lat' dir='ltr'><strong>chorur</strong></span> <span class='ocrx_word' id='word_1_33' title='bbox 1190 917 1290 979; x_wconf 83' lang='lat' dir='ltr'><strong>ionem</strong></span> <span class='ocrx_word' id='word_1_34' title='bbox 1311 917 1389 999; x_wconf 85' lang='lat' dir='ltr'><strong>apud</strong></span> 
     </span>
     <span class='ocr_line' id='line_1_6' title="bbox 218 1020 927 1104; baseline 0.003 -22"><span class='ocrx_word' id='word_1_35' title='bbox 218 1022 368 1104; x_wconf 80' lang='lat' dir='ltr'><strong>templum</strong></span> <span class='ocrx_word' id='word_1_36' title='bbox 384 1029 551 1084; x_wconf 83' lang='lat' dir='ltr'><strong>rcraantem</strong></span> <span class='ocrx_word' id='word_1_37' title='bbox 567 1020 713 1103; x_wconf 72' lang='lat' dir='ltr'><strong>conspicit</strong></span> <span class='ocrx_word' id='word_1_38' title='bbox 727 1021 927 1104; x_wconf 74' lang='lat' dir='ltr'><strong>appellatque:</strong></span> 
     </span>
    </p>

    <p class='ocr_par' dir='ltr' id='par_1_4' title="bbox 526 1113 1087 1413">
     <span class='ocr_line' id='line_1_7' title="bbox 526 1113 1020 1206; baseline 0.004 -22"><span class='ocrx_word' id='word_1_39' title='bbox 526 1117 572 1186; x_wconf 75' lang='grc' dir='ltr'><strong>Σλ</strong></span> <span class='ocrx_word' id='word_1_40' title='bbox 592 1141 645 1186; x_wconf 81' lang='lat' dir='ltr'><strong>ror</strong></span> <span class='ocrx_word' id='word_1_41' title='bbox 668 1117 726 1186; x_wconf 83' lang='grc' dir='ltr'><strong>τάν</strong></span> <span class='ocrx_word' id='word_1_42' title='bbox 748 1118 840 1206; x_wconf 75' lang='grc' dir='ltr'><strong>παρά</strong></span> <span class='ocrx_word' id='word_1_43' title='bbox 862 1119 943 1187; x_wconf 79' lang='grc' dir='ltr'><strong><em>ναὸν</em></strong></span> <span class='ocrx_word' id='word_1_44' title='bbox 964 1113 1020 1186; x_wconf 84' lang='grc' dir='ltr'><strong>αι’·-</strong></span> 
     </span>
     <span class='ocr_line' id='line_1_8' title="bbox 592 1217 1051 1309; baseline 0 -21"><span class='ocrx_word' id='word_1_45' title='bbox 592 1221 650 1288; x_wconf 84' lang='grc' dir='ltr'><strong>ιλῶ·</strong></span> <span class='ocrx_word' id='word_1_46' title='bbox 674 1220 777 1304; x_wconf 74' lang='grc' dir='ltr'>θέμις</span> <span class='ocrx_word' id='word_1_47' title='bbox 800 1221 927 1308; x_wconf 78' lang='grc' dir='ltr'><strong><em>γυάλων</em></strong></span> <span class='ocrx_word' id='word_1_48' title='bbox 948 1217 1051 1309; x_wconf 78' lang='grc' dir='ltr'><em>ὑπερ·</em></span> 
     </span>
     <span class='ocr_line' id='line_1_9' title="bbox 591 1319 1087 1413; baseline 0.008 -25"><span class='ocrx_word' id='word_1_49' title='bbox 591 1327 688 1413; x_wconf 71' lang='grc' dir='ltr'><strong>,θῆναι</strong></span> <span class='ocrx_word' id='word_1_50' title='bbox 714 1325 821 1413; x_wconf 72' lang='grc' dir='ltr'><strong>λιυιιιῐί</strong></span> <span class='ocrx_word' id='word_1_51' title='bbox 844 1324 926 1392; x_wconf 73' lang='lat' dir='ltr'><strong>nodi</strong></span> <span class='ocrx_word' id='word_1_52' title='bbox 947 1319 981 1410; x_wconf 84' lang='lat' dir='ltr'><strong>y’</strong></span> <span class='ocrx_word' id='word_1_53' title='bbox 995 1363 1035 1374; x_wconf 94' lang='lat'><strong>--</strong></span> <span class='ocrx_word' id='word_1_54' title='bbox 1054 1363 1067 1374; x_wconf 93' lang='lat'><strong>·</strong></span> <span class='ocrx_word' id='word_1_55' title='bbox 1078 1345 1087 1402; x_wconf 85' lang='lat'>;</span> 
     </span>
    </p>

    <p class='ocr_par' dir='ltr' id='par_1_5' title="bbox 221 1430 1445 4292">
     <span class='ocr_line' id='line_1_10' title="bbox 222 1430 1390 1514; baseline -0.002 -17"><span class='ocrx_word' id='word_1_56' title='bbox 222 1433 463 1497; x_wconf 73' lang='lat' dir='ltr'><strong>Consentaneum</strong></span> <span class='ocrx_word' id='word_1_57' title='bbox 479 1436 525 1496; x_wconf 86' lang='lat' dir='ltr'><strong>eat</strong></span> <span class='ocrx_word' id='word_1_58' title='bbox 541 1431 643 1494; x_wconf 87' lang='lat' dir='ltr'><strong>loncm</strong></span> <span class='ocrx_word' id='word_1_59' title='bbox 660 1439 725 1514; x_wconf 83' lang='lat' dir='ltr'><strong>poal</strong></span> <span class='ocrx_word' id='word_1_60' title='bbox 743 1450 768 1493; x_wconf 86' lang='lat' dir='ltr'><strong>r.</strong></span> <span class='ocrx_word' id='word_1_61' title='bbox 790 1430 848 1494; x_wconf 72' lang='grc'><strong>183</strong></span> <span class='ocrx_word' id='word_1_62' title='bbox 864 1451 924 1494; x_wconf 91' lang='lat' dir='ltr'><strong>non</strong></span> <span class='ocrx_word' id='word_1_63' title='bbox 945 1431 1049 1495; x_wconf 73' lang='lat' dir='ltr'><strong>eodum</strong></span> <span class='ocrx_word' id='word_1_64' title='bbox 1069 1431 1134 1494; x_wconf 85' lang='lat' dir='ltr'><strong>ioco</strong></span> <span class='ocrx_word' id='word_1_65' title='bbox 1155 1439 1320 1506; x_wconf 83' lang='lat' dir='ltr'><strong>moraturo,</strong></span> <span class='ocrx_word' id='word_1_66' title='bbox 1339 1432 1390 1495; x_wconf 87' lang='lat' dir='ltr'><strong>aed</strong></span> 
     </span>
     <span class='ocr_line' id='line_1_11' title="bbox 222 1535 1393 1618; baseline -0.001 -19"><span class='ocrx_word' id='word_1_67' title='bbox 222 1536 254 1599; x_wconf 92' lang='lat' dir='ltr'><strong>in</strong></span> <span class='ocrx_word' id='word_1_68' title='bbox 269 1535 342 1600; x_wconf 80' lang='lat' dir='ltr'><strong>aliea</strong></span> <span class='ocrx_word' id='word_1_69' title='bbox 356 1544 454 1618; x_wconf 74' lang='lat' dir='ltr'><strong>partes</strong></span> <span class='ocrx_word' id='word_1_70' title='bbox 468 1535 632 1616; x_wconf 72' lang='lat' dir='ltr'><strong>«digamum</strong></span> <span class='ocrx_word' id='word_1_71' title='bbox 649 1535 727 1617; x_wconf 77' lang='lat' dir='ltr'><strong>tingi,</strong></span> <span class='ocrx_word' id='word_1_72' title='bbox 743 1543 776 1598; x_wconf 88' lang='lat' dir='ltr'><strong>ut</strong></span> <span class='ocrx_word' id='word_1_73' title='bbox 793 1535 832 1598; x_wconf 84' lang='lat' dir='ltr'><strong>ibi</strong></span> <span class='ocrx_word' id='word_1_74' title='bbox 847 1552 967 1617; x_wconf 86' lang='lat' dir='ltr'><strong>quoque</strong></span> <span class='ocrx_word' id='word_1_75' title='bbox 982 1553 1049 1598; x_wconf 86' lang='lat' dir='ltr'><strong>area</strong></span> <span class='ocrx_word' id='word_1_76' title='bbox 1070 1541 1193 1598; x_wconf 83' lang='lat' dir='ltr'><strong>arceret.</strong></span> <span class='ocrx_word' id='word_1_77' title='bbox 1234 1535 1287 1598; x_wconf 82' lang='lat' dir='ltr'><strong>Sic</strong></span> <span class='ocrx_word' id='word_1_78' title='bbox 1305 1535 1393 1616; x_wconf 76' lang='lat' dir='ltr'><strong>igitur</strong></span> 
     </span>
     <span class='ocr_line' id='line_1_12' title="bbox 221 1637 1392 1719; baseline 0.001 -19"><span class='ocrx_word' id='word_1_79' title='bbox 221 1655 285 1700; x_wconf 87' lang='lat' dir='ltr'><strong>non</strong></span> <span class='ocrx_word' id='word_1_80' title='bbox 297 1637 472 1701; x_wconf 88' lang='lat' dir='ltr'><strong>mirabimur</strong></span> <span class='ocrx_word' id='word_1_81' title='bbox 486 1655 556 1700; x_wconf 90' lang='lat' dir='ltr'><strong>eum</strong></span> <span class='ocrx_word' id='word_1_82' title='bbox 580 1655 640 1699; x_wconf 91' lang='lat' dir='ltr'><strong>non</strong></span> <span class='ocrx_word' id='word_1_83' title='bbox 663 1637 745 1718; x_wconf 84' lang='lat' dir='ltr'><strong>priua</strong></span> <span class='ocrx_word' id='word_1_84' title='bbox 766 1643 960 1719; x_wconf 75' lang='lat' dir='ltr'><strong>cernapectunr</strong></span> <span class='ocrx_word' id='word_1_85' title='bbox 983 1657 1000 1701; x_wconf 92' lang='lat' dir='ltr'><strong>a</strong></span> <span class='ocrx_word' id='word_1_86' title='bbox 1024 1637 1206 1714; x_wconf 78' lang='lat' dir='ltr'><strong>mulieribus,</strong></span> <span class='ocrx_word' id='word_1_87' title='bbox 1229 1655 1325 1718; x_wconf 86' lang='lat' dir='ltr'><strong>nequo</strong></span> <span class='ocrx_word' id='word_1_88' title='bbox 1348 1638 1392 1701; x_wconf 89' lang='lat' dir='ltr'><strong>nti</strong></span> 
     </span>
     <span class='ocr_line' id='line_1_13' title="bbox 222 1737 1393 1822; baseline 0 -20"><span class='ocrx_word' id='word_1_89' title='bbox 222 1739 283 1805; x_wconf 84' lang='lat' dir='ltr'><strong>noe</strong></span> <span class='ocrx_word' id='word_1_90' title='bbox 296 1749 471 1822; x_wconf 68' lang='lat' dir='ltr'><strong>argumento</strong></span> <span class='ocrx_word' id='word_1_91' title='bbox 491 1739 687 1820; x_wconf 74' lang='lat' dir='ltr'><strong>lloegeaviom</strong></span> <span class='ocrx_word' id='word_1_92' title='bbox 707 1739 844 1802; x_wconf 80' lang='lat' dir='ltr'><strong>debuiaoo</strong></span> <span class='ocrx_word' id='word_1_93' title='bbox 866 1739 1034 1810; x_wconf 77' lang='lat' dir='ltr'><strong>fatebimur.</strong></span> <span class='ocrx_word' id='word_1_94' title='bbox 1056 1755 1116 1820; x_wconf 83' lang='lat' dir='ltr'><strong>quo</strong></span> <span class='ocrx_word' id='word_1_95' title='bbox 1136 1737 1275 1820; x_wconf 86' lang='lat' dir='ltr'><strong>probarel</strong></span> <span class='ocrx_word' id='word_1_96' title='bbox 1291 1739 1393 1802; x_wconf 80' lang='lat' dir='ltr'><strong>oculor</strong></span> 
     </span>
     <span class='ocr_line' id='line_1_14' title="bbox 223 1840 1393 1926; baseline -0.001 -20"><span class='ocrx_word' id='word_1_97' title='bbox 223 1862 328 1907; x_wconf 81' lang='lat' dir='ltr'><strong>carram</strong></span> <span class='ocrx_word' id='word_1_98' title='bbox 345 1843 441 1906; x_wconf 87' lang='lat' dir='ltr'><strong>adhuc</strong></span> <span class='ocrx_word' id='word_1_99' title='bbox 456 1843 541 1926; x_wconf 88' lang='lat' dir='ltr'><strong>plane</strong></span> <span class='ocrx_word' id='word_1_100' title='bbox 556 1859 617 1906; x_wconf 91' lang='lat' dir='ltr'><strong>non</strong></span> <span class='ocrx_word' id='word_1_101' title='bbox 639 1841 675 1906; x_wconf 85' lang='lat' dir='ltr'><strong>ad</strong></span> <span class='ocrx_word' id='word_1_102' title='bbox 691 1842 835 1925; x_wconf 85' lang='lat' dir='ltr'><strong>templum</strong></span> <span class='ocrx_word' id='word_1_103' title='bbox 857 1859 1015 1905; x_wconf 82' lang='lat' dir='ltr'><strong>conuercoa</strong></span> <span class='ocrx_word' id='word_1_104' title='bbox 1036 1841 1136 1904; x_wconf 86' lang='lat' dir='ltr'><strong>luieae.</strong></span> <span class='ocrx_word' id='word_1_105' title='bbox 1182 1840 1393 1906; x_wconf 81' lang='lat' dir='ltr'><strong>Nihilominus</strong></span> 
     </span>
     <span class='ocr_line' id='line_1_15' title="bbox 224 1944 1392 2029; baseline -0.002 -19"><span class='ocrx_word' id='word_1_106' title='bbox 224 1957 327 2010; x_wconf 83' lang='lat' dir='ltr'><strong>tamen</strong></span> <span class='ocrx_word' id='word_1_107' title='bbox 348 1945 498 2029; x_wconf 59' lang='lat' dir='ltr'><strong>imaginem</strong></span> <span class='ocrx_word' id='word_1_108' title='bbox 519 1963 593 2028; x_wconf 86' lang='lat' dir='ltr'><strong>qnae</strong></span> <span class='ocrx_word' id='word_1_109' title='bbox 612 1944 830 2027; x_wconf 72' lang='lat' dir='ltr'><strong>contemplatae</strong></span> <span class='ocrx_word' id='word_1_110' title='bbox 849 1953 937 2018; x_wconf 81' lang='lat' dir='ltr'><strong>aunt,</strong></span> <span class='ocrx_word' id='word_1_111' title='bbox 959 1955 1060 2008; x_wconf 86' lang='lat' dir='ltr'><strong>utnrm</strong></span> <span class='ocrx_word' id='word_1_112' title='bbox 1082 1945 1111 2007; x_wconf 90' lang='lat' dir='ltr'><strong>in</strong></span> <span class='ocrx_word' id='word_1_113' title='bbox 1133 1945 1245 2026; x_wconf 87' lang='lat' dir='ltr'><strong>templo</strong></span> <span class='ocrx_word' id='word_1_114' title='bbox 1267 1963 1304 2028; x_wconf 84' lang='lat' dir='ltr'><strong>cn</strong></span> <span class='ocrx_word' id='word_1_115' title='bbox 1326 1945 1392 2008; x_wconf 85' lang='lat' dir='ltr'><strong>alibi</strong></span> 
     </span>
     <span class='ocr_line' id='line_1_16' title="bbox 225 2041 1393 2133; baseline -0.002 -20"><span class='ocrx_word' id='word_1_116' title='bbox 225 2049 337 2113; x_wconf 86' lang='lat' dir='ltr'><strong>luerint</strong></span> <span class='ocrx_word' id='word_1_117' title='bbox 352 2069 475 2133; x_wconf 85' lang='lat' dir='ltr'><strong>proraua</strong></span> <span class='ocrx_word' id='word_1_118' title='bbox 490 2050 635 2114; x_wconf 87' lang='lat' dir='ltr'><strong>incertum</strong></span> <span class='ocrx_word' id='word_1_119' title='bbox 652 2059 758 2113; x_wconf 88' lang='lat' dir='ltr'><strong>manet.</strong></span> <span class='ocrx_word' id='word_1_120' title='bbox 777 2083 819 2095; x_wconf 88' lang='lat'>-</span> <span class='ocrx_word' id='word_1_121' title='bbox 838 2041 955 2122; x_wconf 63' lang='lat' dir='ltr'><strong>relata,</strong></span> <span class='ocrx_word' id='word_1_122' title='bbox 971 2047 1037 2112; x_wconf 86' lang='lat' dir='ltr'><strong>licet</strong></span> <span class='ocrx_word' id='word_1_123' title='bbox 1052 2048 1119 2112; x_wconf 88' lang='lat' dir='ltr'><strong>alibi</strong></span> <span class='ocrx_word' id='word_1_124' title='bbox 1135 2049 1171 2112; x_wconf 81' lang='lat' dir='ltr'><strong>do</strong></span> <span class='ocrx_word' id='word_1_125' title='bbox 1181 2048 1393 2129; x_wconf 82' lang='lat' dir='ltr'><strong>aignillcatione</strong></span> 
     </span>
     <span class='ocr_line' id='line_1_17' title="bbox 226 2151 1393 2234; baseline -0.002 -18"><span class='ocrx_word' id='word_1_126' title='bbox 226 2152 370 2234; x_wconf 65' lang='lat' dir='ltr'><strong>ambigam</strong></span> <span class='ocrx_word' id='word_1_127' title='bbox 392 2153 473 2216; x_wconf 79' lang='lat' dir='ltr'><strong>velut</strong></span> <span class='ocrx_word' id='word_1_128' title='bbox 498 2170 524 2214; x_wconf 87' lang='grc' dir='ltr'><strong>ν.</strong></span> <span class='ocrx_word' id='word_1_129' title='bbox 551 2153 603 2224; x_wconf 78' lang='lat' dir='ltr'><strong>ill,</strong></span> <span class='ocrx_word' id='word_1_130' title='bbox 631 2153 688 2216; x_wconf 83' lang='lat' dir='ltr'><strong>lroc</strong></span> <span class='ocrx_word' id='word_1_131' title='bbox 713 2161 812 2214; x_wconf 86' lang='lat' dir='ltr'><strong>tamen</strong></span> <span class='ocrx_word' id='word_1_132' title='bbox 839 2151 904 2216; x_wconf 89' lang='lat' dir='ltr'><strong>loco</strong></span> <span class='ocrx_word' id='word_1_133' title='bbox 931 2151 1030 2214; x_wconf 88' lang='lat' dir='ltr'><strong>itidem</strong></span> <span class='ocrx_word' id='word_1_134' title='bbox 1057 2161 1091 2215; x_wconf 89' lang='grc' dir='ltr'><strong>ιιι</strong></span> <span class='ocrx_word' id='word_1_135' title='bbox 1113 2170 1139 2216; x_wconf 83' lang='grc' dir='ltr'><strong>ν.</strong></span> <span class='ocrx_word' id='word_1_136' title='bbox 1156 2151 1218 2215; x_wconf 74' lang='lat' dir='ltr'><strong>itt</strong></span> <span class='ocrx_word' id='word_1_137' title='bbox 1234 2161 1263 2214; x_wconf 91' lang='lat' dir='ltr'><strong>ct</strong></span> <span class='ocrx_word' id='word_1_138' title='bbox 1279 2151 1341 2212; x_wconf 77' lang='lat'><strong>257</strong></span> <span class='ocrx_word' id='word_1_139' title='bbox 1356 2151 1393 2214; x_wconf 89' lang='lat' dir='ltr'><strong>de</strong></span> 
     </span>
     <span class='ocr_line' id='line_1_18' title="bbox 226 2251 1392 2336; baseline -0.002 -20"><span class='ocrx_word' id='word_1_140' title='bbox 226 2253 340 2336; x_wconf 86' lang='lat' dir='ltr'><strong>templo</strong></span> <span class='ocrx_word' id='word_1_141' title='bbox 360 2253 528 2335; x_wconf 86' lang='lat' dir='ltr'><strong>accipienda</strong></span> <span class='ocrx_word' id='word_1_142' title='bbox 549 2271 614 2315; x_wconf 86' lang='lat' dir='ltr'><strong>eaac</strong></span> <span class='ocrx_word' id='word_1_143' title='bbox 634 2252 823 2316; x_wconf 85' lang='lat' dir='ltr'><strong>manileatum</strong></span> <span class='ocrx_word' id='word_1_144' title='bbox 846 2261 902 2314; x_wconf 84' lang='lat' dir='ltr'><strong>eat.</strong></span> <span class='ocrx_word' id='word_1_145' title='bbox 947 2252 991 2315; x_wconf 83' lang='lat' dir='ltr'><strong>Cl.</strong></span> <span class='ocrx_word' id='word_1_146' title='bbox 1012 2253 1103 2316; x_wconf 88' lang='lat' dir='ltr'><strong>echol.</strong></span> <span class='ocrx_word' id='word_1_147' title='bbox 1121 2255 1150 2315; x_wconf 91' lang='lat' dir='ltr'><strong>in</strong></span> <span class='ocrx_word' id='word_1_148' title='bbox 1167 2253 1270 2334; x_wconf 76' lang='lat' dir='ltr'><strong>prolog</strong></span> <span class='ocrx_word' id='word_1_149' title='bbox 1296 2271 1324 2335; x_wconf 91' lang='lat' dir='ltr'><strong>p.</strong></span> <span class='ocrx_word' id='word_1_150' title='bbox 1341 2251 1392 2314; x_wconf 81' lang='grc'><strong>(111.</strong></span> 
     </span>
     <span class='ocr_line' id='line_1_19' title="bbox 226 2355 1393 2438; baseline -0.001 -20"><span class='ocrx_word' id='word_1_151' title='bbox 226 2357 365 2419; x_wconf 78' lang='lat' dir='ltr'><strong>Getarum</strong></span> <span class='ocrx_word' id='word_1_152' title='bbox 381 2355 536 2418; x_wconf 84' lang='lat' dir='ltr'><strong>lectionem</strong></span> <span class='ocrx_word' id='word_1_153' title='bbox 551 2363 721 2438; x_wconf 84' lang='lat' dir='ltr'><strong>corruptam</strong></span> <span class='ocrx_word' id='word_1_154' title='bbox 736 2373 800 2417; x_wconf 79' lang='lat' dir='ltr'><strong>eree</strong></span> <span class='ocrx_word' id='word_1_155' title='bbox 815 2371 875 2418; x_wconf 92' lang='lat' dir='ltr'><strong>non</strong></span> <span class='ocrx_word' id='word_1_156' title='bbox 892 2355 983 2417; x_wconf 86' lang='lat' dir='ltr'><strong>modo</strong></span> <span class='ocrx_word' id='word_1_157' title='bbox 998 2364 1127 2418; x_wconf 90' lang='lat' dir='ltr'><strong>mctrurn</strong></span> <span class='ocrx_word' id='word_1_158' title='bbox 1148 2356 1200 2418; x_wconf 84' lang='lat' dir='ltr'><strong>aed</strong></span> <span class='ocrx_word' id='word_1_159' title='bbox 1215 2355 1305 2418; x_wconf 87' lang='lat' dir='ltr'><strong>eliam</strong></span> <span class='ocrx_word' id='word_1_160' title='bbox 1320 2373 1393 2417; x_wconf 89' lang='lat' dir='ltr'><strong>con·</strong></span> 
     </span>
     <span class='ocr_line' id='line_1_20' title="bbox 225 2455 1393 2540; baseline -0.001 -19"><span class='ocrx_word' id='word_1_161' title='bbox 225 2459 352 2521; x_wconf 80' lang='lat' dir='ltr'><strong>anemio</strong></span> <span class='ocrx_word' id='word_1_162' title='bbox 372 2455 529 2520; x_wconf 78' lang='lat' dir='ltr'><strong>verborum</strong></span> <span class='ocrx_word' id='word_1_163' title='bbox 549 2457 655 2539; x_wconf 75' lang='lat' dir='ltr'><strong>arguit.</strong></span> <span class='ocrx_word' id='word_1_164' title='bbox 705 2457 743 2520; x_wconf 81' lang='lat' dir='ltr'><strong>lit</strong></span> <span class='ocrx_word' id='word_1_165' title='bbox 762 2466 859 2520; x_wconf 83' lang='lat' dir='ltr'><strong>metro</strong></span> <span class='ocrx_word' id='word_1_166' title='bbox 876 2457 995 2540; x_wconf 83' lang='lat' dir='ltr'><strong>quidem</strong></span> <span class='ocrx_word' id='word_1_167' title='bbox 1012 2457 1193 2530; x_wconf 68' lang='lat' dir='ltr'><strong>consulatur,</strong></span> <span class='ocrx_word' id='word_1_168' title='bbox 1208 2457 1233 2520; x_wconf 87' lang='lat' dir='ltr'><strong>ai</strong></span> <span class='ocrx_word' id='word_1_169' title='bbox 1248 2457 1330 2540; x_wconf 83' lang='lat' dir='ltr'><strong>quia,</strong></span> <span class='ocrx_word' id='word_1_170' title='bbox 1346 2457 1393 2520; x_wconf 90' lang='lat' dir='ltr'><strong>in·</strong></span> 
     </span>
     <span class='ocr_line' id='line_1_21' title="bbox 225 2559 1393 2642; baseline -0.001 -18"><span class='ocrx_word' id='word_1_171' title='bbox 225 2569 307 2624; x_wconf 84' lang='lat' dir='ltr'><strong>aerto</strong></span> <span class='ocrx_word' id='word_1_172' title='bbox 321 2559 498 2642; x_wconf 84' lang='lat' dir='ltr'><strong>pronomine</strong></span> <span class='ocrx_word' id='word_1_173' title='bbox 517 2579 577 2640; x_wconf 86' lang='grc' dir='ltr'><strong>μοι</strong></span> <span class='ocrx_word' id='word_1_174' title='bbox 597 2559 755 2642; x_wconf 74' lang='lat' dir='ltr'><strong>uerbisque</strong></span> <span class='ocrx_word' id='word_1_175' title='bbox 774 2559 977 2641; x_wconf 71' lang='lat' dir='ltr'><strong>compositio,</strong></span> <span class='ocrx_word' id='word_1_176' title='bbox 997 2569 1049 2623; x_wconf 91' lang='lat' dir='ltr'><strong>aut</strong></span> <span class='ocrx_word' id='word_1_177' title='bbox 1069 2577 1137 2624; x_wconf 79' lang='lat' dir='ltr'><strong>cunr</strong></span> <span class='ocrx_word' id='word_1_178' title='bbox 1154 2559 1304 2642; x_wconf 77' lang='lat' dir='ltr'><strong>llartongo</strong></span> <span class='ocrx_word' id='word_1_179' title='bbox 1318 2561 1393 2625; x_wconf 87' lang='lat' dir='ltr'><strong>acri-</strong></span> 
     </span>
     <span class='ocr_line' id='line_1_22' title="bbox 226 2651 1445 2746; baseline 0 -22"><span class='ocrx_word' id='word_1_180' title='bbox 226 2660 291 2724; x_wconf 77' lang='lat' dir='ltr'><strong>lrat:</strong></span> <span class='ocrx_word' id='word_1_181' title='bbox 323 2656 451 2742; x_wconf 82' lang='grc' dir='ltr'><strong><em>γυάλων</em></strong></span> <span class='ocrx_word' id='word_1_182' title='bbox 482 2651 568 2742; x_wconf 75' lang='grc' dir='ltr'><strong>άπιρ</strong></span> <span class='ocrx_word' id='word_1_183' title='bbox 602 2657 707 2746; x_wconf 75' lang='grc' dir='ltr'><strong><em>λευκῷ</em></strong></span> <span class='ocrx_word' id='word_1_184' title='bbox 733 2681 795 2742; x_wconf 82' lang='lat' dir='ltr'><strong>poc</strong></span> <span class='ocrx_word' id='word_1_185' title='bbox 825 2653 911 2726; x_wconf 80' lang='grc' dir='ltr'><strong><em>ποδί</em></strong></span> <span class='ocrx_word' id='word_1_186' title='bbox 930 2663 1047 2746; x_wconf 71' lang='grc' dir='ltr'><strong>βῆναι,</strong></span> <span class='ocrx_word' id='word_1_187' title='bbox 1081 2665 1243 2727; x_wconf 86' lang='lat' dir='ltr'><strong>autetiam</strong></span> <span class='ocrx_word' id='word_1_188' title='bbox 1267 2655 1395 2746; x_wconf 87' lang='grc' dir='ltr'><strong><em>γυάλων</em></strong></span> <span class='ocrx_word' id='word_1_189' title='bbox 1442 2691 1445 2697; x_wconf 95' lang='grc'><em>·</em></span> 
     </span>
     <span class='ocr_line' id='line_1_23' title="bbox 227 2753 1393 2848; baseline 0.003 -24"><span class='ocrx_word' id='word_1_190' title='bbox 227 2753 412 2848; x_wconf 69' lang='grc' dir='ltr'><strong>ι’·περβῇναλ</strong></span> <span class='ocrx_word' id='word_1_191' title='bbox 435 2777 495 2843; x_wconf 78' lang='grc' dir='ltr'><strong>μοι</strong></span> <span class='ocrx_word' id='word_1_192' title='bbox 523 2757 607 2826; x_wconf 74' lang='lat' dir='ltr'><strong>nodi</strong></span> <span class='ocrx_word' id='word_1_193' title='bbox 634 2757 750 2847; x_wconf 73' lang='grc' dir='ltr'><strong><em>λευκῷ,</em></strong></span> <span class='ocrx_word' id='word_1_194' title='bbox 785 2763 1039 2844; x_wconf 87' lang='lat' dir='ltr'><strong>quemadmodum</strong></span> <span class='ocrx_word' id='word_1_195' title='bbox 1065 2765 1135 2828; x_wconf 87' lang='lat' dir='ltr'><strong>clim</strong></span> <span class='ocrx_word' id='word_1_196' title='bbox 1162 2765 1197 2828; x_wconf 87' lang='lat' dir='ltr'><strong>ab</strong></span> <span class='ocrx_word' id='word_1_197' title='bbox 1225 2765 1393 2828; x_wconf 87' lang='lat' dir='ltr'><strong>ilermanno</strong></span> 
     </span>
     <span class='ocr_line' id='line_1_24' title="bbox 226 2863 1393 2950; baseline 0.004 -23"><span class='ocrx_word' id='word_1_198' title='bbox 226 2865 338 2930; x_wconf 71' lang='lat' dir='ltr'><strong>lenum</strong></span> <span class='ocrx_word' id='word_1_199' title='bbox 354 2873 408 2938; x_wconf 84' lang='lat' dir='ltr'><strong>eat,</strong></span> <span class='ocrx_word' id='word_1_200' title='bbox 425 2863 519 2928; x_wconf 79' lang='lat' dir='ltr'><strong>Elem</strong></span> <span class='ocrx_word' id='word_1_201' title='bbox 538 2865 623 2930; x_wconf 87' lang='lat' dir='ltr'><strong>doctr</strong></span> <span class='ocrx_word' id='word_1_202' title='bbox 648 2873 734 2929; x_wconf 89' lang='lat' dir='ltr'><strong>metr.</strong></span> <span class='ocrx_word' id='word_1_203' title='bbox 750 2884 779 2947; x_wconf 88' lang='lat' dir='ltr'><strong>p.</strong></span> <span class='ocrx_word' id='word_1_204' title='bbox 795 2865 868 2930; x_wconf 75' lang='lat'><strong>553.</strong></span> <span class='ocrx_word' id='word_1_205' title='bbox 914 2867 973 2929; x_wconf 88' lang='lat' dir='ltr'><strong>Sod</strong></span> <span class='ocrx_word' id='word_1_206' title='bbox 996 2867 1021 2930; x_wconf 81' lang='lat' dir='ltr'><strong>ia</strong></span> <span class='ocrx_word' id='word_1_207' title='bbox 1043 2875 1145 2950; x_wconf 79' lang='lat' dir='ltr'><strong>postea</strong></span> <span class='ocrx_word' id='word_1_208' title='bbox 1160 2867 1236 2930; x_wconf 88' lang='lat' dir='ltr'><strong>hanc</strong></span> <span class='ocrx_word' id='word_1_209' title='bbox 1252 2867 1393 2932; x_wconf 87' lang='lat' dir='ltr'><strong>mutatio·</strong></span> 
     </span>
     <span class='ocr_line' id='line_1_25' title="bbox 226 2957 1393 3054; baseline 0.003 -24"><span class='ocrx_word' id='word_1_210' title='bbox 226 2984 296 3030; x_wconf 84' lang='lat' dir='ltr'><strong>neor</strong></span> <span class='ocrx_word' id='word_1_211' title='bbox 311 2966 375 3048; x_wconf 80' lang='lat' dir='ltr'><strong>ipae</strong></span> <span class='ocrx_word' id='word_1_212' title='bbox 390 2965 510 3048; x_wconf 66' lang='lat' dir='ltr'><strong>aprerit,</strong></span> <span class='ocrx_word' id='word_1_213' title='bbox 531 2965 711 3046; x_wconf 76' lang='lat' dir='ltr'><strong>intelligens,</strong></span> <span class='ocrx_word' id='word_1_214' title='bbox 737 2967 859 3050; x_wconf 84' lang='lat' dir='ltr'><strong>opinor,</strong></span> <span class='ocrx_word' id='word_1_215' title='bbox 885 2957 1079 3052; x_wconf 70' lang='grc' dir='ltr'><strong>ι’·πνρβῆυω,</strong></span> <span class='ocrx_word' id='word_1_216' title='bbox 1106 2977 1157 3031; x_wconf 89' lang='lat' dir='ltr'><strong>aut</strong></span> <span class='ocrx_word' id='word_1_217' title='bbox 1182 2968 1271 3032; x_wconf 83' lang='lat' dir='ltr'><strong>etiarn</strong></span> <span class='ocrx_word' id='word_1_218' title='bbox 1294 2964 1393 3054; x_wconf 75' lang='grc' dir='ltr'><strong><em>βῆναι</em></strong></span> 
     </span>
     <span class='ocr_line' id='line_1_26' title="bbox 228 3060 1392 3152; baseline 0.002 -22"><span class='ocrx_word' id='word_1_219' title='bbox 228 3060 322 3147; x_wconf 66' lang='lat' dir='ltr'><strong>dato,</strong></span> <span class='ocrx_word' id='word_1_220' title='bbox 344 3085 426 3131; x_wconf 85' lang='lat' dir='ltr'><strong>oum</strong></span> <span class='ocrx_word' id='word_1_221' title='bbox 447 3066 810 3150; x_wconf 79' lang='lat' dir='ltr'><strong>penitiroeiualoci,</strong></span> <span class='ocrx_word' id='word_1_222' title='bbox 832 3085 937 3150; x_wconf 85' lang='lat' dir='ltr'><strong>quem</strong></span> <span class='ocrx_word' id='word_1_223' title='bbox 954 3069 1035 3150; x_wconf 80' lang='lat' dir='ltr'><strong>quia</strong></span> <span class='ocrx_word' id='word_1_224' title='bbox 1052 3068 1288 3152; x_wconf 75' lang='lat' dir='ltr'><strong>ingrediatur,</strong></span> <span class='ocrx_word' id='word_1_225' title='bbox 1311 3087 1392 3133; x_wconf 87' lang='lat' dir='ltr'><strong>con-</strong></span> 
     </span>
     <span class='ocr_line' id='line_1_27' title="bbox 227 3169 1394 3252; baseline 0 -18"><span class='ocrx_word' id='word_1_226' title='bbox 227 3171 322 3234; x_wconf 85' lang='lat' dir='ltr'><strong>rtrui</strong></span> <span class='ocrx_word' id='word_1_227' title='bbox 345 3169 450 3233; x_wconf 88' lang='lat' dir='ltr'><strong>nullo</strong></span> <span class='ocrx_word' id='word_1_228' title='bbox 473 3169 577 3232; x_wconf 85' lang='lat' dir='ltr'><strong>modo</strong></span> <span class='ocrx_word' id='word_1_229' title='bbox 605 3188 724 3250; x_wconf 78' lang='lat' dir='ltr'><strong>pocae.</strong></span> <span class='ocrx_word' id='word_1_230' title='bbox 781 3169 854 3232; x_wconf 83' lang='lat' dir='ltr'><strong>Nam</strong></span> <span class='ocrx_word' id='word_1_231' title='bbox 881 3170 960 3252; x_wconf 77' lang='lat' dir='ltr'><strong>quod</strong></span> <span class='ocrx_word' id='word_1_232' title='bbox 987 3171 1087 3235; x_wconf 83' lang='lat' dir='ltr'><strong>Firiua</strong></span> <span class='ocrx_word' id='word_1_233' title='bbox 1112 3171 1201 3234; x_wconf 80' lang='lat' dir='ltr'><strong>iruiur</strong></span> <span class='ocrx_word' id='word_1_234' title='bbox 1226 3179 1394 3235; x_wconf 79' lang='lat' dir='ltr'><strong>structurae</strong></span> 
     </span>
     <span class='ocr_line' id='line_1_28' title="bbox 228 3263 1393 3354; baseline 0.001 -20"><span class='ocrx_word' id='word_1_235' title='bbox 228 3271 397 3354; x_wconf 83' lang='lat' dir='ltr'><strong>exemplum</strong></span> <span class='ocrx_word' id='word_1_236' title='bbox 426 3271 535 3347; x_wconf 84' lang='lat' dir='ltr'><strong>attulit,</strong></span> <span class='ocrx_word' id='word_1_237' title='bbox 565 3271 667 3354; x_wconf 89' lang='lat' dir='ltr'><strong>Suppl.</strong></span> <span class='ocrx_word' id='word_1_238' title='bbox 690 3290 715 3331; x_wconf 87' lang='grc' dir='ltr'><strong>ν.</strong></span> <span class='ocrx_word' id='word_1_239' title='bbox 743 3269 837 3332; x_wconf 77' lang='lat' dir='ltr'><strong>toln:</strong></span> <span class='ocrx_word' id='word_1_240' title='bbox 868 3269 955 3347; x_wconf 83' lang='grc' dir='ltr'><strong><em>υἰνυς</em></strong></span> <span class='ocrx_word' id='word_1_241' title='bbox 975 3267 1072 3354; x_wconf 80' lang='grc' dir='ltr'><strong><em>χάριν</em></strong></span> <span class='ocrx_word' id='word_1_242' title='bbox 1093 3267 1207 3352; x_wconf 76' lang='grc' dir='ltr'><strong><em>δόμων</em></strong></span> <span class='ocrx_word' id='word_1_243' title='bbox 1228 3263 1393 3354; x_wconf 76' lang='grc' dir='ltr'>ι’·περβᾶσ’</span> 
     </span>
     <span class='ocr_line' id='line_1_29' title="bbox 228 3359 1395 3459; baseline 0.002 -23"><span class='ocrx_word' id='word_1_244' title='bbox 228 3359 332 3459; x_wconf 70' lang='grc' dir='ltr'><strong><em>ἦλθες</em></strong></span> <span class='ocrx_word' id='word_1_245' title='bbox 353 3365 389 3450; x_wconf 76' lang='grc' dir='ltr'><strong>λς</strong></span> <span class='ocrx_word' id='word_1_246' title='bbox 410 3366 509 3457; x_wconf 77' lang='lat' dir='ltr'><strong>ap&#39;rdc</strong></span> <span class='ocrx_word' id='word_1_247' title='bbox 529 3366 656 3452; x_wconf 69' lang='lat' dir='ltr'><strong>pddrur</strong></span> <span class='ocrx_word' id='word_1_248' title='bbox 677 3373 735 3436; x_wconf 87' lang='lat' dir='ltr'><strong>hoc</strong></span> <span class='ocrx_word' id='word_1_249' title='bbox 749 3371 837 3455; x_wconf 88' lang='lat' dir='ltr'><strong>plane</strong></span> <span class='ocrx_word' id='word_1_250' title='bbox 848 3371 954 3438; x_wconf 78' lang='lat' dir='ltr'><strong>elirarri</strong></span> <span class='ocrx_word' id='word_1_251' title='bbox 969 3375 1084 3457; x_wconf 78' lang='lat' dir='ltr'><strong>penuria</strong></span> <span class='ocrx_word' id='word_1_252' title='bbox 1099 3397 1166 3440; x_wconf 80' lang='lat' dir='ltr'><strong>eoae</strong></span> <span class='ocrx_word' id='word_1_253' title='bbox 1182 3377 1244 3459; x_wconf 84' lang='lat' dir='ltr'><strong>ipse</strong></span> <span class='ocrx_word' id='word_1_254' title='bbox 1259 3375 1395 3440; x_wconf 83' lang='lat' dir='ltr'><strong>animad-</strong></span> 
     </span>
     <span class='ocr_line' id='line_1_30' title="bbox 229 3466 1395 3559; baseline 0.003 -20"><span class='ocrx_word' id='word_1_255' title='bbox 229 3476 330 3554; x_wconf 76' lang='lat' dir='ltr'><strong>rertit3</strong></span> <span class='ocrx_word' id='word_1_256' title='bbox 355 3493 507 3559; x_wconf 79' lang='lat' dir='ltr'><strong>epreaaa</strong></span> <span class='ocrx_word' id='word_1_257' title='bbox 533 3473 624 3548; x_wconf 81' lang='lat' dir='ltr'><strong>eninr.</strong></span> <span class='ocrx_word' id='word_1_258' title='bbox 650 3493 710 3539; x_wconf 92' lang='lat' dir='ltr'><strong>non</strong></span> <span class='ocrx_word' id='word_1_259' title='bbox 737 3475 903 3558; x_wconf 79' lang='lat' dir='ltr'><strong>ingrerra</strong></span> <span class='ocrx_word' id='word_1_260' title='bbox 924 3477 1047 3542; x_wconf 90' lang='lat' dir='ltr'><strong>domum</strong></span> <span class='ocrx_word' id='word_1_261' title='bbox 1071 3480 1177 3544; x_wconf 83' lang='lat' dir='ltr'><strong>mulier</strong></span> <span class='ocrx_word' id='word_1_262' title='bbox 1197 3466 1312 3544; x_wconf 83' lang='lat' dir='ltr'><strong>dicitur.</strong></span> <span class='ocrx_word' id='word_1_263' title='bbox 1359 3479 1395 3543; x_wconf 79' lang='lat' dir='ltr'><strong>Et</strong></span> 
     </span>
     <span class='ocr_line' id='line_1_31' title="bbox 229 3579 1393 3666; baseline 0.004 -21"><span class='ocrx_word' id='word_1_264' title='bbox 229 3581 322 3665; x_wconf 75' lang='lat' dir='ltr'><strong>magio</strong></span> <span class='ocrx_word' id='word_1_265' title='bbox 346 3579 437 3645; x_wconf 86' lang='lat' dir='ltr'><strong>etiarn</strong></span> <span class='ocrx_word' id='word_1_266' title='bbox 464 3579 612 3644; x_wconf 85' lang='lat' dir='ltr'><strong>direraum</strong></span> <span class='ocrx_word' id='word_1_267' title='bbox 639 3589 685 3644; x_wconf 85' lang='lat' dir='ltr'><strong>cat</strong></span> <span class='ocrx_word' id='word_1_268' title='bbox 711 3580 791 3663; x_wconf 89' lang='lat' dir='ltr'><strong>quod</strong></span> <span class='ocrx_word' id='word_1_269' title='bbox 818 3579 849 3644; x_wconf 89' lang='lat' dir='ltr'><strong>in</strong></span> <span class='ocrx_word' id='word_1_270' title='bbox 875 3589 976 3646; x_wconf 81' lang='lat' dir='ltr'><strong>rrostra</strong></span> <span class='ocrx_word' id='word_1_271' title='bbox 1002 3581 1245 3647; x_wconf 60' lang='lat' dir='ltr'><strong>salmias-,1321</strong></span> <span class='ocrx_word' id='word_1_272' title='bbox 1273 3583 1393 3666; x_wconf 75' lang='lat' dir='ltr'><strong>legitur:</strong></span> 
     </span>
     <span class='ocr_line' id='line_1_32' title="bbox 228 3673 1394 3771; baseline 0.003 -24"><span class='ocrx_word' id='word_1_273' title='bbox 228 3683 374 3770; x_wconf 68' lang='grc' dir='ltr'><strong>θριγκοῦ</strong></span> <span class='ocrx_word' id='word_1_274' title='bbox 395 3673 494 3746; x_wconf 73' lang='grc' dir='ltr'><em>τοῦδ’</em></span> <span class='ocrx_word' id='word_1_275' title='bbox 515 3673 714 3766; x_wconf 76' lang='grc' dir='ltr'><strong>ὖνιιρβάλλω</strong></span> <span class='ocrx_word' id='word_1_276' title='bbox 730 3677 822 3759; x_wconf 76' lang='lat' dir='ltr'><strong>nodi,</strong></span> <span class='ocrx_word' id='word_1_277' title='bbox 838 3705 899 3769; x_wconf 87' lang='lat' dir='ltr'><strong>quo</strong></span> <span class='ocrx_word' id='word_1_278' title='bbox 913 3698 1030 3771; x_wconf 88' lang='lat' dir='ltr'><strong>praeter</strong></span> <span class='ocrx_word' id='word_1_279' title='bbox 1045 3689 1160 3754; x_wconf 82' lang='lat' dir='ltr'><strong>i&#39;ixium</strong></span> <span class='ocrx_word' id='word_1_280' title='bbox 1176 3691 1266 3753; x_wconf 86' lang='lat' dir='ltr'><strong>etiam</strong></span> <span class='ocrx_word' id='word_1_281' title='bbox 1280 3687 1394 3750; x_wconf 72' lang='lat' dir='ltr'><strong>ilicec-</strong></span> 
     </span>
     <span class='ocr_line' id='line_1_33' title="bbox 230 3785 1395 3876; baseline 0.003 -25"><span class='ocrx_word' id='word_1_282' title='bbox 230 3787 325 3851; x_wconf 87' lang='lat' dir='ltr'><strong>lerum</strong></span> <span class='ocrx_word' id='word_1_283' title='bbox 340 3805 429 3850; x_wconf 83' lang='lat' dir='ltr'><strong>urum</strong></span> <span class='ocrx_word' id='word_1_284' title='bbox 444 3805 510 3850; x_wconf 84' lang='lat' dir='ltr'><strong>crae</strong></span> <span class='ocrx_word' id='word_1_285' title='bbox 525 3785 628 3859; x_wconf 81' lang='lat' dir='ltr'><strong>miror,</strong></span> <span class='ocrx_word' id='word_1_286' title='bbox 644 3786 674 3850; x_wconf 88' lang='lat' dir='ltr'><strong>in</strong></span> <span class='ocrx_word' id='word_1_287' title='bbox 690 3787 790 3852; x_wconf 82' lang='lat' dir='ltr'><strong>dunel.</strong></span> <span class='ocrx_word' id='word_1_288' title='bbox 810 3789 909 3871; x_wconf 86' lang='lat' dir='ltr'><strong>philol.</strong></span> <span class='ocrx_word' id='word_1_289' title='bbox 925 3807 994 3855; x_wconf 84' lang='lat' dir='ltr'><strong>ann.</strong></span> <span class='ocrx_word' id='word_1_290' title='bbox 1016 3792 1095 3858; x_wconf 84' lang='grc'><strong>1857</strong></span> <span class='ocrx_word' id='word_1_291' title='bbox 1111 3813 1139 3876; x_wconf 92' lang='lat' dir='ltr'><strong>p.</strong></span> <span class='ocrx_word' id='word_1_292' title='bbox 1156 3793 1228 3856; x_wconf 83' lang='grc'><strong>6711.</strong></span> <span class='ocrx_word' id='word_1_293' title='bbox 1265 3791 1340 3855; x_wconf 84' lang='lat' dir='ltr'><strong>Nam</strong></span> <span class='ocrx_word' id='word_1_294' title='bbox 1356 3789 1395 3854; x_wconf 87' lang='lat' dir='ltr'><strong>ibi</strong></span> 
     </span>
     <span class='ocr_line' id='line_1_34' title="bbox 230 3887 1395 3977; baseline 0.003 -24"><span class='ocrx_word' id='word_1_295' title='bbox 230 3907 349 3972; x_wconf 87' lang='lat' dir='ltr'><strong>quoque</strong></span> <span class='ocrx_word' id='word_1_296' title='bbox 370 3905 430 3952; x_wconf 89' lang='lat' dir='ltr'><strong>oon</strong></span> <span class='ocrx_word' id='word_1_297' title='bbox 451 3887 563 3970; x_wconf 74' lang='lat' dir='ltr'><strong>ingredi</strong></span> <span class='ocrx_word' id='word_1_298' title='bbox 584 3907 616 3952; x_wconf 82' lang='lat' dir='ltr'><strong>ae</strong></span> <span class='ocrx_word' id='word_1_299' title='bbox 637 3889 750 3972; x_wconf 79' lang='lat' dir='ltr'><strong>Pythia,</strong></span> <span class='ocrx_word' id='word_1_300' title='bbox 771 3892 823 3954; x_wconf 81' lang='lat' dir='ltr'><strong>aad</strong></span> <span class='ocrx_word' id='word_1_301' title='bbox 844 3895 1008 3976; x_wconf 72' lang='lat' dir='ltr'><strong>transgredi</strong></span> <span class='ocrx_word' id='word_1_302' title='bbox 1028 3905 1164 3977; x_wconf 78' lang='lat' dir='ltr'><strong>caeptum</strong></span> <span class='ocrx_word' id='word_1_303' title='bbox 1180 3902 1211 3959; x_wconf 90' lang='lat' dir='ltr'><strong>et</strong></span> <span class='ocrx_word' id='word_1_304' title='bbox 1224 3893 1323 3977; x_wconf 75' lang='lat' dir='ltr'><strong>egredi</strong></span> <span class='ocrx_word' id='word_1_305' title='bbox 1338 3892 1395 3969; x_wconf 68' lang='lat' dir='ltr'><strong>altr</strong></span> 
     </span>
     <span class='ocr_line' id='line_1_35' title="bbox 231 3983 1395 4079; baseline 0.005 -25"><span class='ocrx_word' id='word_1_306' title='bbox 231 3987 315 4057; x_wconf 75' lang='lat' dir='ltr'><strong>erodi</strong></span> <span class='ocrx_word' id='word_1_307' title='bbox 333 4010 372 4054; x_wconf 90' lang='lat' dir='ltr'><strong>ao</strong></span> <span class='ocrx_word' id='word_1_308' title='bbox 387 3983 482 4056; x_wconf 81' lang='grc' dir='ltr'><strong>πόδα</strong></span> <span class='ocrx_word' id='word_1_309' title='bbox 503 3991 693 4056; x_wconf 69' lang='lat' dir='ltr'><strong>audendum</strong></span> <span class='ocrx_word' id='word_1_310' title='bbox 714 3993 766 4068; x_wconf 83' lang='lat' dir='ltr'><strong>ait,</strong></span> <span class='ocrx_word' id='word_1_311' title='bbox 789 3993 860 4058; x_wconf 85' lang='lat' dir='ltr'><strong>nilail</strong></span> <span class='ocrx_word' id='word_1_312' title='bbox 879 3996 977 4060; x_wconf 87' lang='lat' dir='ltr'><strong>reiert.</strong></span> <span class='ocrx_word' id='word_1_313' title='bbox 1023 3997 1115 4079; x_wconf 79' lang='lat' dir='ltr'><strong>igitur</strong></span> <span class='ocrx_word' id='word_1_314' title='bbox 1133 4007 1237 4062; x_wconf 88' lang='lat' dir='ltr'><strong>ooatro</strong></span> <span class='ocrx_word' id='word_1_315' title='bbox 1260 3995 1325 4060; x_wconf 89' lang='lat' dir='ltr'><strong>loco</strong></span> <span class='ocrx_word' id='word_1_316' title='bbox 1346 4013 1395 4060; x_wconf 86' lang='lat' dir='ltr'><strong>ra-</strong></span> 
     </span>
     <span class='ocr_line' id='line_1_36' title="bbox 232 4093 1395 4184; baseline 0.005 -27"><span class='ocrx_word' id='word_1_317' title='bbox 232 4093 307 4176; x_wconf 86' lang='lat' dir='ltr'><strong>quiri</strong></span> <span class='ocrx_word' id='word_1_318' title='bbox 332 4093 451 4178; x_wconf 80' lang='lat' dir='ltr'><strong>aliquod</strong></span> <span class='ocrx_word' id='word_1_319' title='bbox 481 4095 658 4160; x_wconf 81' lang='lat' dir='ltr'><strong>vocabulum</strong></span> <span class='ocrx_word' id='word_1_320' title='bbox 677 4105 807 4180; x_wconf 84' lang='lat' dir='ltr'><strong>apparet,</strong></span> <span class='ocrx_word' id='word_1_321' title='bbox 837 4099 915 4163; x_wconf 88' lang='lat' dir='ltr'><strong>unde</strong></span> <span class='ocrx_word' id='word_1_322' title='bbox 943 4099 1089 4183; x_wconf 72' lang='lat' dir='ltr'><strong>penitima</strong></span> <span class='ocrx_word' id='word_1_323' title='bbox 1112 4094 1240 4184; x_wconf 78' lang='grc' dir='ltr'><strong><em>γυάλων</em></strong></span> <span class='ocrx_word' id='word_1_324' title='bbox 1260 4098 1395 4184; x_wconf 85' lang='lat' dir='ltr'><strong>pendeat.</strong></span> 
     </span>
     <span class='ocr_line' id='line_1_37' title="bbox 233 4193 1396 4292; baseline 0.004 -33"><span class='ocrx_word' id='word_1_325' title='bbox 233 4194 397 4260; x_wconf 78' lang='lat' dir='ltr'><strong>schoeolur</strong></span> <span class='ocrx_word' id='word_1_326' title='bbox 417 4198 455 4262; x_wconf 88' lang='lat' dir='ltr'><strong>ad</strong></span> <span class='ocrx_word' id='word_1_327' title='bbox 469 4197 544 4263; x_wconf 80' lang='lat' dir='ltr'><strong>died.</strong></span> <span class='ocrx_word' id='word_1_328' title='bbox 562 4219 588 4264; x_wconf 86' lang='lat' dir='ltr'><strong>r.</strong></span> <span class='ocrx_word' id='word_1_329' title='bbox 604 4199 668 4265; x_wconf 76' lang='lat'><strong>³79</strong></span> <span class='ocrx_word' id='word_1_330' title='bbox 683 4198 801 4283; x_wconf 80' lang='lat' dir='ltr'><strong>acripoit</strong></span> <span class='ocrx_word' id='word_1_331' title='bbox 821 4195 950 4284; x_wconf 89' lang='grc' dir='ltr'><strong><em>γυάλων</em></strong></span> <span class='ocrx_word' id='word_1_332' title='bbox 970 4193 1155 4292; x_wconf 75' lang='grc' dir='ltr'><strong>ὑπερβῆναι</strong></span> <span class='ocrx_word' id='word_1_333' title='bbox 1178 4197 1273 4270; x_wconf 74' lang='lat' dir='ltr'><strong>cl&#39;oca:</strong></span> <span class='ocrx_word' id='word_1_334' title='bbox 1294 4200 1396 4274; x_wconf 80' lang='lat' dir='ltr'><strong>voluit,</strong></span> 
     </span>
    </p>
   </div>
   <div class='ocr_carea' id='block_1_3' title="bbox 117 4288 1398 4392">
    <p class='ocr_par' dir='ltr' id='par_1_6' title="bbox 117 4288 1398 4392">
     <span class='ocr_line' id='line_1_38' title="bbox 117 4288 1398 4392; baseline 0.009 -33"><span class='ocrx_word' id='word_1_335' title='bbox 117 4363 122 4372; x_wconf 71' lang='grc'>,</span> <span class='ocrx_word' id='word_1_336' title='bbox 233 4297 348 4381; x_wconf 64' lang='lat' dir='ltr'><strong>apim</strong></span> <span class='ocrx_word' id='word_1_337' title='bbox 372 4288 555 4388; x_wconf 72' lang='grc' dir='ltr'><strong>άπιρβῆνω</strong></span> <span class='ocrx_word' id='word_1_338' title='bbox 576 4297 686 4390; x_wconf 74' lang='lat' dir='ltr'><strong>temp·</strong></span> <span class='ocrx_word' id='word_1_339' title='bbox 706 4299 793 4371; x_wconf 74' lang='lat' dir='ltr'><strong>uolt</strong></span> <span class='ocrx_word' id='word_1_340' title='bbox 811 4293 851 4386; x_wconf 82' lang='grc' dir='ltr'><strong>μ’</strong></span> <span class='ocrx_word' id='word_1_341' title='bbox 875 4293 966 4380; x_wconf 72' lang='grc' dir='ltr'><strong><em>εἵσω,</em></strong></span> <span class='ocrx_word' id='word_1_342' title='bbox 990 4305 1069 4389; x_wconf 85' lang='lat' dir='ltr'><strong>quod</strong></span> <span class='ocrx_word' id='word_1_343' title='bbox 1086 4315 1188 4371; x_wconf 87' lang='lat' dir='ltr'><strong>utrum</strong></span> <span class='ocrx_word' id='word_1_344' title='bbox 1204 4306 1266 4392; x_wconf 85' lang='lat' dir='ltr'><strong>ipae</strong></span> <span class='ocrx_word' id='word_1_345' title='bbox 1281 4305 1398 4389; x_wconf 69' lang='lat' dir='ltr'><strong>excom·-</strong></span> 
     </span>
    </p>
   </div>
   <div class='ocr_carea' id='block_1_4' title="bbox 233 4397 1398 4493">
    <p class='ocr_par' dir='ltr' id='par_1_7' title="bbox 233 4397 1398 4493">
     <span class='ocr_line' id='line_1_39' title="bbox 233 4397 1398 4493; baseline 0.015 -29"><span class='ocrx_word' id='word_1_346' title='bbox 233 4397 338 4465; x_wconf 85' lang='lat' dir='ltr'><strong>tararit</strong></span> <span class='ocrx_word' id='word_1_347' title='bbox 356 4417 394 4464; x_wconf 87' lang='lat' dir='ltr'><strong>an</strong></span> <span class='ocrx_word' id='word_1_348' title='bbox 414 4401 531 4470; x_wconf 78' lang='lat' dir='ltr'><strong>diunde</strong></span> <span class='ocrx_word' id='word_1_349' title='bbox 551 4405 698 4489; x_wconf 84' lang='lat' dir='ltr'><strong>acceperit</strong></span> <span class='ocrx_word' id='word_1_350' title='bbox 716 4405 825 4470; x_wconf 79' lang='lat' dir='ltr'><strong>nereio.</strong></span> <span class='ocrx_word' id='word_1_351' title='bbox 876 4403 1063 4474; x_wconf 85' lang='lat' dir='ltr'><strong>llernaaoaur</strong></span> <span class='ocrx_word' id='word_1_352' title='bbox 1084 4417 1207 4493; x_wconf 87' lang='lat' dir='ltr'><strong>propter</strong></span> <span class='ocrx_word' id='word_1_353' title='bbox 1225 4401 1352 4474; x_wconf 75' lang='lat' dir='ltr'><strong>litteram</strong></span> <span class='ocrx_word' id='word_1_354' title='bbox 1368 4425 1398 4492; x_wconf 73' lang='lat' dir='ltr'><strong>r·</strong></span> 
     </span>
    </p>
   </div>
   <div class='ocr_carea' id='block_1_5' title="bbox 0 0 1618 4968">
    <p class='ocr_par' dir='ltr' id='par_1_8' title="bbox 0 0 1618 4968">
     <span class='ocr_line' id='line_1_40' title="bbox 0 0 1618 4968; baseline 0 0"><span class='ocrx_word' id='word_1_355' title='bbox 0 0 1618 4968; x_wconf 95' lang='lat' dir='ltr'><strong> </strong></span> 
     </span>
    </p>
   </div>
  </div>
 </body>
</html>
