3266 4958
720 383 741 447 ii

148 576 254 644 mbant
267 575 311 642 roi
325 575 458 659 publicae
473 575 716 641 constitutionem
737 575 860 660 propius
881 585 960 640 certe
980 585 1140 660 quamam
1162 575 1323 660 oligarohia

148 691 200 746 aut
213 681 391 745 democratia
407 679 567 744 accederet.

235 783 278 848 Ne
305 783 372 866 quis
397 793 498 847 autem
524 781 597 847 haec
617 781 709 864 tnagis
732 780 838 863 cupido
858 789 889 844 et
908 800 944 844 ex
964 781 1085 846 arbitrio
1105 792 1211 846 nostro
1226 803 1321 867 quam

150 895 282 952 vetorum
308 887 483 949 auctoritate
509 885 585 948 dicta
612 901 689 948 αοιο
704 884 894 958 criminetur,
921 903 1027 966 operae
1047 887 1177 968 pretium
1198 895 1259 960 est,
1284 908 1321 952 ex

150 1009 255 1074 magna
278 989 467 1054 multitudino
488 987 609 1052 testium
633 1005 744 1070 paucos
764 987 870 1050 saitem
891 1006 1003 1070 cosque
1022 989 1232 1054 disertissimos
1248 1009 1322 1074 pro·

149 1098 266 1170 ducere,
282 1111 409 1176 qnorum
425 1110 573 1157 consensu
588 1093 646 1156 noe
656 1111 736 1165 certe
749 1091 938 1156 manifestum
951 1092 1016 1156 tore
1028 1111 1194 1175 queramus,
1210 1113 1320 1178 quam·

149 1201 192 1265 vis
215 1200 301 1282 vulgo
317 1199 498 1262 Graecorum
515 1197 777 1280 Romanorumque
797 1197 947 1279 ingenium
968 1197 1006 1260 ab
1020 1195 1109 1262 unius
1124 1197 1250 1281 imperio
1265 1198 1320 1263 ab·

151 1302 314 1375 horruerit,
337 1319 388 1364 eos
407 1308 523 1374 umen,
543 1317 671 1380 quomm
691 1317 780 1382 supra
800 1300 902 1382 rutgm
921 1299 1077 1381 pmdentia
1096 1309 1191 1376 essct,
1215 1301 1254 1364 air
1273 1323 1322 1378 eo,
1405 1339 1410 1344 -

151 1406 230 1488 quot
246 1405 380 1486 imperita
397 1401 555 1468 multitudo
571 1402 760 1484 sequebatur,
776 1403 861 1483 longe
876 1401 1058 1466 dissensisse.
1089 1401 1217 1466 Prodest
1229 1403 1321 1486 igitur

152 1509 283 1592 primum
298 1506 455 1576 ttomerus.
476 1521 537 1566 uon
553 1505 667 1586 poetica
682 1513 797 1568 tantum
813 1503 961 1576 tacuisse,
981 1503 1033 1566 seui
1049 1505 1131 1567 omni
1146 1523 1255 1586 genero
1269 1525 1320 1569 sa·

152 1611 278 1695 pientiae
294 1608 482 1680 clarissimus,
507 1608 591 1670 ouius
607 1627 686 1682 voco,
703 1607 728 1669 si
744 1607 816 1670 nihil
830 1607 924 1680 atiud,
946 1606 1004 1670 imo
1018 1615 1097 1670 certe
1112 1609 1249 1689 patcfim,
1271 1609 1321 1673 itta

150 1721 255 1786 aetate,
271 1729 329 1794 qua
341 1709 421 1783 haec,
438 1727 514 1791 quae
529 1709 591 1772 eim
607 1709 728 1772 nomine
744 1709 890 1784 feruntur,
905 1709 1035 1772 carmina
1050 1718 1116 1773 orta
1129 1718 1210 1784 aunt,
1226 1728 1319 1775 reue·

151 1815 274 1878 raititem
294 1821 487 1894 sanctamque
501 1829 605 1892 regum
621 1811 819 1879 maiestatem.
840 1811 1038 1875 multitudinis
1052 1821 1153 1877 autem
1168 1813 1317 1878 licentiam

151 1916 366 1981 intolerandam
382 1915 475 1977 risam
489 1933 565 1976 case.
594 1913 763 1988 Enimvero,
780 1914 885 1996 inquit,

254 2009 314 2080 οίκ
336 2007 471 2097 ἀγαθὸν
493 2007 743 2100 πολυκοιρανίη,
766 1999 815 2090 τίς
836 2007 991 2098 κοίρανος
1012 2005 1106 2092 ἴστω,

251 2103 301 2195 τίς
321 2107 489 2200 βασιλεύς,
512 2099 540 2201 ᾦ
561 2108 666 2180 itone
688 2107 819 2199 Κρόνου
840 2115 924 2192 παῖς
943 2104 1175 2201 ἀγκυλομήτεω
1185 2121 1225 2196 ⁸).

153 2241 224 2288 non
243 2221 378 2284 bouum
398 2231 458 2282 est
473 2219 677 2283 multorum
692 2217 904 2300 imperium:
919 2218 1012 2302 ujnus
1026 2219 1321 2304 princepaesto,

152 2343 244 2390 unua
270 2341 351 2400 rex,
377 2323 438 2386 cui
464 2324 533 2385 hoc
554 2321 737 2386 tributum
760 2329 818 2384 est
836 2341 854 2384 a
875 2321 965 2385 iove.
999 2322 1076 2385 iovis
1092 2323 1183 2405 igitur
1195 2329 1320 2392 numine

152 2446 275 2511 rognum
291 2425 474 2500 mandatum,
489 2425 537 2488 olei
551 2425 641 2508 gratia
657 2443 740 2506 reges
755 2423 907 2488 institutos
918 2444 984 2488 csse
995 2426 1112 2502 clamat,
1127 2429 1217 2512 itique
1227 2431 1318 2495 etiam

153 2531 358 2614 cognomentis
380 2529 487 2611 quibus
502 2527 600 2592 ornari
614 2529 710 2592 soient
724 2537 857 2602 testatur,
878 2545 970 2610 quum
987 2523 1185 2618 διοτρεφέας
1199 2553 1252 2596 eos
1266 2545 1320 2600 aut

153 2631 321 2718 διογενίας
335 2634 468 2718 appellet.
495 2634 596 2696 iionus
611 2653 662 2696 rex
678 2631 762 2715 quasi
777 2632 823 2696 tici
838 2631 932 2696 instar
945 2649 962 2694 a
978 2633 1088 2714 populo
1103 2635 1219 2712 colitur,
1235 2647 1270 2700 ut
1281 2638 1318 2702 de

152 2741 373 2822 Agantetnnune
392 2737 447 2810 ait,
471 2733 555 2812 θεὸς
576 2723 622 2812 tic
634 2735 722 2800 τίετο
737 2728 849 2820 δήμῳ,
868 2743 900 2798 ct
914 2734 951 2797 tio
966 2736 1138 2800 Aetolorum
1154 2757 1222 2822 regc
1236 2739 1319 2805 Tho-

152 2844 274 2921 ante⁴):
295 2858 413 2903 summa
436 2837 506 2902 boni
525 2839 602 2921 rogis
622 2839 684 2902 laus
706 2845 768 2912 ost,
788 2845 821 2902 ut
836 2847 960 2921 paterno
975 2857 1042 2921 erga
1057 2841 1202 2924 populum
1217 2844 1320 2910 animo

152 2946 200 3020 sit,
216 2938 326 3028 πατὴρ
341 2931 387 3018 ὣς
402 2931 559 3026 isicem),
579 2950 667 3023 atquc
682 2942 759 3007 sicut
775 2949 874 3025 pastor
888 2942 993 3024 gregis,
1009 2941 1114 3006 sicilie
1128 2945 1318 3012 subditorum

153 3067 255 3113 curam
269 3053 360 3130 gerat,
383 3045 462 3109 unde
476 3044 565 3108 etiam
581 3038 737 3126 ποιμένες
750 3041 849 3124 λαῶν,
868 3054 1002 3127 pastores
1016 3049 1213 3129 poputum,
1234 3069 1320 3135 reges

153 3159 309 3224 vocantur,
329 3148 380 3230 qui
395 3147 420 3210 si
436 3145 534 3210 officio
549 3165 604 3210 suo
620 3157 700 3212 recte
711 3148 884 3230 iunguntur,
900 3147 1070 3213 totiensirna
1080 3160 1127 3214 ost
1138 3152 1319 3234 populorum

153 3251 292 3319 conditio.
322 3250 397 3313 Nam
418 3248 469 3313 ubi
483 3267 536 3312 rex
550 3249 677 3333 imporat
690 3244 838 3337 θεουδής
852 3253 881 3315 h.
897 3273 924 3315 e.
941 3271 1058 3316 memor
1071 3251 1212 3330 deorum,
1233 3255 1321 3322 iusti·

152 3357 284 3440 tiamquu
299 3354 369 3419 colit
382 3362 414 3417 ct
428 3359 536 3427 tuetur,
554 3343 704 3430 εὐδικίας
719 3345 872 3441 cipimus,
894 3353 960 3418 tuiis
974 3355 1052 3438 regis
1067 3375 1154 3420 causa
1169 3357 1259 3422 ctiam
1274 3360 1321 3425 ‹tt-

152 3460 219 3524 rina
233 3459 311 3522 dona
325 3465 416 3539 atquc
431 3455 571 3519 boucsscia
585 3455 703 3538 hrgiter
717 3457 827 3540 populo
842 3457 1064 3540 impertiuntur,
1079 3459 1246 3544 florentque
1256 3463 1320 3528 eiua

152 3561 272 3638 subditi,
293 3551 436 3642 ἀρετῶσι
457 3551 496 3622 ὀί
516 3550 593 3620 λαοί
614 3549 673 3620 eid
695 3550 834 3648 corpu.
857 3591 900 3610 -
918 3561 1021 3642 Neque
1041 3561 1141 3626 minua
1156 3563 1228 3628 boui
1241 3567 1320 3650 regia

152 3667 253 3732 laudm
279 3663 465 3729 celebrentur
489 3659 527 3724 ab
546 3659 694 3725 ticsiodco
716 3671 817 3744 poeto,
844 3661 896 3745 qui
915 3662 946 3726 in
964 3663 1140 3746 theogoniae
1160 3669 1318 3750 prooemio

152 3786 306 3834 musarum
326 3765 487 3850 principem
503 3761 652 3846 Calliopen
670 3763 795 3849 eiusque
808 3783 926 3830 sorores
941 3768 1074 3832 nascenti
1087 3769 1159 3835 huic
1170 3769 1274 3838 τοοτιο
1288 3779 1320 3838 et

151 3873 240 3940 vitam
256 3871 321 3937 eiua
336 3867 470 3936 comitari
485 3867 531 3932 itis
544 3868 678 3934 versibus
692 3877 832 3934 testatur:

241 3964 296 4040 Ἥ
315 3969 377 4061 γὰρ
398 3967 457 4038 καί
477 3969 672 4058 βασιλεῦσιν
693 3963 749 4058 ἅμ’
770 3964 957 4040 αἰδοίοισιν
978 3963 1111 4063 (inponi.

252 4070 367 4146 ὅντινα
387 4069 559 4166 τιμήσωσι
579 4073 667 4158 Διὸς
688 4073 807 4166 κοῦραι
826 4071 987 4166 μεγάλοιο

252 4327 279 4396 ο)
297 4323 326 4380 ιι.
338 4323 368 4392 ο,
385 4323 444 4378 roa.
768 4377 773 4388 ,
849 4325 875 4388 ο)
894 4323 942 4378 oe.
955 4321 984 4377 n.
1003 4321 1062 4377 τοι.

253 4409 599 4484 pumannum.
845 4409 1239 4481 nocxtxmmmmtn.
