3182 4962
682 421 831 522 .³.⁴.⁶..
933 375 934 380 .

168 619 274 668 narum
290 622 390 670 resona
406 609 629 690 questionibus
644 629 715 674 usos
731 629 796 674 esse
816 619 847 674 ct
860 609 1008 692 hodieque
1023 608 1067 673 nti
1083 609 1227 673 videmus.
1264 605 1339 688 Epi-

169 725 258 771 curus
273 719 373 773 autem
389 729 460 786 non,
477 721 510 776 ut
520 713 577 789 alii,
592 713 754 778 absurdum
766 713 905 797 quiddam
918 719 948 776 et
959 711 1039 796 qnod
1050 733 1156 777 sensus
1166 709 1340 775 communi-s

169 820 340 894 respueret,
363 813 400 877 de
422 823 529 880 natura
550 817 674 880 deorum
695 817 752 880 sibi
773 816 959 901 preliandum
975 816 1146 901 proposuit,
1169 815 1220 878 sesl
1241 832 1336 896 quum
1448 837 1456 846 ·
1524 877 1533 894 ,
1555 777 1573 903 ΑΙ

168 912 351 980 immortales
373 937 426 980 eos
447 927 477 982 et
500 919 601 984 beatos
624 919 759 984 omnium
782 938 931 983 consensu
954 919 1069 992 lunisoni,
1098 920 1232 1001 adeoque
1259 917 1338 980 hanc

170 1019 390 1102 persuasionem
406 1039 476 1086 cum
492 1021 554 1106 ipss
570 1023 694 1088 deorum
717 1024 838 1088 notione
858 1023 1047 1088 coniunctam
1068 1045 1133 1086 esso
1155 1023 1281 1094 uideret,
1303 1029 1337 1084 ut

170 1137 230 1186 non
245 1123 364 1208 quidem
380 1125 484 1190 hausta
499 1147 534 1191 or
550 1127 711 1211 imaginum
728 1129 891 1192 divinamm
904 1127 1081 1198 incursione,
1097 1127 1149 1190 sod
1162 1137 1262 1190 tamen
1274 1125 1337 1208 ipsa

170 1235 274 1291 natura
289 1228 363 1292 duco
378 1229 407 1294 in
423 1231 579 1296 nominum
595 1231 701 1318 anisnis
717 1242 784 1298 nata
800 1251 865 1296 esse
881 1231 1039 1306 uideretur,
1056 1251 1151 1315 neque
1163 1239 1264 1314 posset
1275 1248 1338 1293 non

170 1325 344 1414 πρόληψις
357 1334 456 1416 potius
470 1335 531 1400 sive
545 1335 724 1418 anticipatio,
740 1355 829 1417 quam
845 1355 926 1398 incra
943 1327 1049 1418 indta,
1058 1343 1117 1416 ψις
1131 1335 1191 1397 sim
1206 1333 1338 1415 opinatio

170 1432 241 1502 dici,
262 1433 319 1496 hoc
333 1433 447 1517 ipsum,
469 1437 548 1519 quod
563 1439 754 1520 anticipatum
777 1447 870 1512 essct,
891 1439 978 1500 etiam
995 1437 1109 1500 ratione
1125 1435 1293 1498 conlirmari
1308 1445 1337 1497 ot

170 1533 277 1598 debere
291 1545 323 1600 et
338 1555 424 1618 posse
443 1539 619 1604 considebat.
647 1541 842 1622 anticipatum
859 1549 958 1604 autom
974 1541 1050 1604 hanc
1064 1538 1293 1603 immortalitatis
1307 1547 1340 1600 et

171 1637 362 1702 beatitudiuis
383 1639 507 1704 dcomm
533 1661 723 1708 communem
750 1643 971 1725 persuasionem
998 1645 1086 1706 ctiam
1109 1641 1234 1704 Velleius
1258 1639 1337 1722 apud

171 1739 342 1804 Ciceronem
364 1745 521 1825 profitetur
545 1766 571 1810 c.
598 1745 645 1820 l'l,
669 1747 726 1808 ll:
749 1745 823 1809 Nam
846 1755 1004 1827 postquam
1029 1745 1131 1807 insitas
1151 1745 1276 1806 deorum
1293 1744 1337 1805 cel

138 1905 140 1910 .
169 1845 269 1926 potius
285 1844 453 1924 innatas¹¹l
475 1849 659 1929 cognitiones
675 1865 729 1910 nos
745 1846 851 1910 halese
866 1847 949 1918 dixit,
966 1844 1211 1922 ,‚lateamur'’,
1232 1844 1338 1926 inquit,

172 1955 374 2020 „constare
396 1946 489 2010 illud
510 1949 642 2022 ctiam,
670 1947 762 2012 hanc
790 1967 859 2012 nos
881 1948 1025 2012 habere
1047 1951 1125 2012 siue
1146 1946 1338 2028 anticipa·

171 2048 309 2112 tionem
332 2050 410 2113 sire
431 2051 734 2133 praenotionem,
763 2058 801 2115 ut
822 2051 914 2114 deos
937 2051 1063 2114 beatos
1085 2056 1123 2113 ct
1143 2049 1338 2112 immorta·
1405 2133 1407 2138 Ι

172 2149 227 2214 les
254 2159 435 2234 putemus.
485 2153 585 2229 Quae
611 2155 710 2217 enim
737 2155 845 2218 nobis
875 2163 1005 2218 natura
1033 2151 1338 2217 informationem

172 2252 328 2316 deorum
350 2254 518 2337 ipsorum
541 2255 657 2330 dedit,
686 2256 812 2318 cadem
840 2255 1042 2338 insculpsit
1069 2255 1105 2319 in
1133 2255 1338 2329 mentibus,

172 2359 213 2417 ut
233 2373 298 2417 cos
320 2365 493 2420 aeternos
519 2365 556 2420 et
577 2355 707 2420 beatos
730 2357 977 2422 haberemus.”
1021 2356 1216 2420 Discernenda
1237 2366 1338 2419 autem

177 2543 377 2558 *—

241 2627 284 2690 21)
302 2625 403 2680 loostas
424 2629 581 2694 cognitiones
597 2628 686 2682 Cicero
702 2628 766 2682 dicit
785 2645 834 2680 nos
851 2643 883 2681 eo
901 2643 991 2690 sessu,
1012 2643 1061 2695 qno
1079 2643 1125 2679 nss
1143 2627 1339 2694 asqebsres,

174 2710 269 2766 iissem
281 2710 446 2785 συμφὺιους
457 2715 557 2782 dicunt,
575 2715 599 2768 is.
613 2731 636 2768 s.
653 2730 701 2767 usa
714 2731 769 2767 curn
782 2715 837 2781 ipso
849 2715 949 2767 homine
963 2722 1050 2776 natas,
1068 2715 1111 2766 scd
1124 2721 1223 2767 tastum
1240 2715 1270 2767 is
1287 2716 1341 2766 to·

173 2799 252 2851 miae
264 2807 368 2865 natas,
385 2801 486 2854 scilicet
499 2809 590 2854 sstsrs
602 2803 679 2866 duca,
696 2817 744 2870 qua
756 2801 820 2854 duce
832 2817 864 2854 ss
877 2800 971 2854 oblatis
984 2801 1145 2854 extrinsecos
1158 2801 1259 2853 sentitiis
1271 2816 1340 2852 neas
1386 2853 1391 2860 ,

174 2891 261 2937 nostra
278 2892 306 2936 et
324 2885 441 2940 notiones
458 2894 484 2940 et
496 2887 591 2940 iudicis
603 2885 736 2953 informat,
757 2889 841 2958 qualia
855 2897 959 2958 psopter
971 2890 1034 2940 hanc
1046 2903 1148 2940 cassans
1160 2888 1237 2940 estun
1251 2895 1341 2938 sats·

173 2985 227 3022 rae
248 2971 368 3024 iudicia
388 2973 515 3038 dicuntur,
531 2971 560 3036 11,
574 2973 597 3034 2,
610 2975 635 3040 5,
652 2982 859 3043 opponentes-que
877 2975 1024 3027 commentis
1042 2975 1196 3041 opinionum.
1220 2973 1277 3024 Nos
1288 2972 1339 3025 alio

173 3071 249 3110 sesso
261 3058 338 3110 etism
351 3059 445 3126 Stoici,
461 3075 525 3127 quos
537 3065 638 3112 constat
651 3059 733 3111 nullas
747 3060 863 3112 notiones
875 3075 891 3111 a
904 3061 1029 3128 principio
1042 3061 1204 3128 ingessu-atas
1217 3055 1339 3128 (somi-

173 3159 250 3208 τους,
267 3145 435 3211 aequiores),
455 3147 499 3198 sed
517 3145 669 3212 procedente
688 3146 786 3197 demon
798 3153 913 3214 tempore
925 3147 1002 3199 mesti
1014 3155 1133 3214 taoqssns
1144 3147 1219 3198 albae
1231 3161 1252 3198 s.
1267 3159 1341 3198 sasas

172 3229 274 3282 tabulae
291 3230 429 3298 inscriptas
442 3231 573 3297 statuisse,
590 3226 732 3302 ἐμφύτους
745 3227 903 3302 upotq'qssss
915 3241 942 3285 et
954 3231 1077 3302 quartussis
1088 3233 1199 3290 lsmoinc
1210 3233 1341 3296 dixerunt,

174 3316 298 3368 inmerito
315 3323 449 3386 propteroa
462 3317 534 3370 irrisi
546 3333 561 3370 a
574 3315 705 3382 l’rsstiio,
721 3317 813 3371 histos.
827 3319 877 3386 loq.
893 3319 902 3370 1
919 3335 943 3386 p.
955 3321 1006 3370 litt
1019 3327 1073 3371 sut.
1085 3319 1129 3372 id.
1153 3317 1210 3372 i'id.
1223 3319 1299 3384 ilios.
1311 3317 1340 3370 1..

174 3401 227 3467 Vll,
248 3403 289 3455 dl.
323 3401 451 3456 Plutarch.
465 3404 497 3456 ds
508 3403 588 3457 Stoic.
601 3419 655 3474 rep.
666 3421 688 3456 e.
703 3405 743 3457 li.
776 3405 840 3458 Adi.
854 3403 908 3458 cie.
925 3405 949 3457 d.
964 3421 988 3456 a.
1000 3405 1025 3457 d.
1037 3403 1065 3472 ll,
1078 3407 1104 3468 l,
1118 3405 1165 3471 tt,
1187 3405 1230 3458 ott
1249 3404 1340 3458 Balbos

174 3487 275 3542 Stoicus
296 3489 421 3560 loquitor:
443 3489 606 3556 „omuibus
627 3491 707 3543 ssim
728 3485 868 3544 issatus'o
889 3499 937 3544 est
958 3499 989 3544 ct
1013 3491 1042 3544 io
1058 3493 1160 3546 ssime
1177 3493 1272 3562 quasi
1295 3493 1342 3546 is·

173 3575 343 3645 sculptum,
369 3592 440 3632 csse
460 3579 561 3631 deos.“
594 3577 641 3631 Ubi
668 3585 752 3630 sulcus
774 3577 900 3632 innasci
920 3579 1016 3631 dieitur
1036 3579 1067 3630 sle
1089 3581 1165 3632 rebus
1187 3580 1341 3646 isqeoesstis

174 3661 362 3736 (συμψὺῐοος),
379 3663 409 3730 tl,
424 3665 463 3731 ld,
476 3665 518 3730 dl,
534 3665 644 3718 additum
657 3671 698 3718 cst
709 3664 785 3717 ctiam
797 3681 812 3716 a
825 3665 992 3734 principio.
1017 3665 1115 3718 nostro
1128 3665 1199 3732 loeo,
1211 3677 1342 3737 postqosn

174 3749 294 3802 insitas
311 3751 470 3816 cognitiones
487 3751 605 3804 Velleius
622 3750 701 3818 dixit,
721 3751 791 3802 addit
809 3749 870 3802 illud
889 3751 1018 3804 iosstas
1036 3768 1084 3803 sco
1096 3752 1173 3806 sliasa
1186 3755 1218 3806 ob
1230 3771 1342 3820 aaut,

174 3849 248 3902 qoam
269 3843 298 3888 ut
318 3833 429 3889 naturali
450 3837 564 3902 musas,
585 3845 692 3889 naturas
713 3825 928 3902 qussi'iostiscto
946 3837 972 3890 is
991 3839 1081 3890 animis
1097 3848 1188 3892 esatas
1205 3839 1341 3908 signiteet,

174 3922 372 3990 qnandoquidem
393 3921 512 3976 lnsltas
532 3921 609 3976 stiam
626 3938 672 3976 sss
689 3923 740 3976 stet
759 3923 916 3992 potuissent,
936 3941 999 3993 quos
1016 3925 1073 3995 qula
1085 3926 1122 3978 ab
1134 3925 1212 3980 aliis
1223 3938 1341 3997 acceptes

173 4007 288 4061 labem.
321 4007 449 4062 inmerito
469 4009 549 4076 igitar
568 4006 716 4062 Ciceronem
738 4011 954 4079 reprehendes-ost
974 4011 1091 4064 Zeilceos
1108 4013 1174 4066 liist.
1193 4015 1255 4084 phil.
1273 4012 1338 4068 titt

173 4111 199 4166 p.
212 4093 261 4147 2³7
275 4103 326 4148 not.
339 4095 365 4164 ³,
377 4103 405 4148 st
416 4097 459 4164 qui
470 4097 536 4150 hooc
548 4103 644 4150 tcum
657 4093 776 4164 solioque
788 4097 882 4150 iudicio
895 4097 968 4166 ssqol
979 4100 1056 4164 solet,
1069 4096 1214 4152 iiiihoeeos.
1234 4099 1340 4154 Cestios

174 4179 266 4234 saltem
277 4180 440 4234 Steishsrtss
461 4179 575 4250 loquitor
596 4181 711 4253 (Escpei.
733 4183 784 4236 litt.
804 4191 831 4236 ot
850 4191 901 4236 sot.
916 4185 939 4252 l,
954 4183 988 4237 ³5
1001 4200 1024 4251 p.
1038 4185 1088 4236 tta
1102 4193 1154 4236 sot.
1169 4185 1213 4246 82)
1236 4185 1341 4238 sides-l
1432 4173 1436 4178 ¹

174 4265 322 4319 omnmo
342 4268 530 4334 eosqssltas
551 4269 668 4321 sotiosss
684 4283 817 4336 Μαι-ιιι
835 4267 931 4320 inies-se
947 4269 1044 4324 diceas.
1069 4269 1224 4324 Prudentius
1235 4271 1342 4324 Brasdis
1446 4325 1451 4334 ,

175 4347 279 4414 (deun
289 4352 315 4402 d.
326 4349 453 4404 retent.
466 4353 492 4404 d.
504 4368 544 4419 qs.
558 4351 621 4406 esu.
635 4351 655 4404 ll
669 4367 692 4420 p.
707 4351 738 4406 tt
751 4361 804 4432 nst.
819 4353 860 4414 13)
876 4355 1068 4421 conpositas
1079 4355 1126 4409 iss
1139 4359 1258 4412 aetium
1269 4357 1342 4410 cre·-

176 4435 234 4486 ssal
248 4434 317 4488 visas
329 4449 387 4488 csso
399 4443 483 4503 κει).
839 4467 841 4474 ·
