3166 4962
713 443 867 546 ..aga-

185 667 191 680 ·
208 635 358 701 intercisa
377 635 548 712 adbibetur,
568 637 613 724 sio
632 635 722 704 etiam
738 639 897 724 particulae
918 655 990 722 que
1004 635 1232 720 significationes
1247 639 1284 704 ad
1298 639 1373 706 baec

208 739 267 804 duo
287 757 392 822 genera
407 741 536 806 revocari
556 751 691 826 possunt
721 743 796 808 llam
813 743 845 808 in
865 739 1013 826 primitiva
1034 742 1286 807 demonstratione
1302 763 1372 828 qua

207 860 370 927 numquam
382 843 608 923 adlribetur,sed
626 867 665 910 cc
680 855 796 912 tantum
813 856 864 911 aut
877 865 975 921 ecce,
991 845 1040 926 (de
1055 865 1115 930 quo
1127 846 1201 910 inira
1213 847 1372 912 dicendum

207 947 277 1028 erit)
299 948 552 1030 quemadmodum
575 949 605 1013 in
627 952 733 1014 eodem
749 950 1012 1015 demonstrationis
1026 968 1133 1032 genere
1148 968 1210 1013 non
1224 950 1286 1033 qui
1301 969 1373 1033 pro·

207 1069 318 1116 nomen
337 1053 389 1116 sed
410 1053 468 1116 bic
486 1063 661 1136 usurpatur,
683 1073 719 1119 ex
734 1055 793 1119 cilr
816 1059 858 1134 (s.
874 1054 954 1132 lailal
974 1055 1096 1118 iactum.
1126 1053 1212 1129 Quod
1226 1063 1326 1117 autem
1342 1051 1373 1117 in

207 1155 384 1237 pronomine
406 1175 454 1220 res
468 1154 532 1239 ipsa
547 1156 675 1232 levabat,
698 1164 733 1222 ut
753 1177 789 1222 cx
805 1158 957 1222 indefinita
973 1157 1212 1240 interrogativum
1229 1158 1329 1232 beret,
1344 1155 1373 1220 id

207 1256 238 1322 in
259 1257 401 1342 particula
423 1259 484 1323 irrui
507 1277 568 1324 noa
590 1261 696 1342 patuit.
735 1261 851 1348 Quippe
872 1261 902 1325 in
918 1262 1096 1345 pronomine
1111 1261 1372 1344 interrogationem

206 1361 327 1426 notabat
341 1362 420 1426 vocis
435 1372 521 1428 tenor
534 1373 657 1440 contusa
679 1367 853 1450 particulam
874 1374 961 1431 acuto
982 1374 1106 1430 accentu
1120 1365 1246 1450 proferri
1258 1366 1375 1430 uetabat

206 1465 315 1531 usitata
330 1465 392 1530 vius
409 1477 531 1552 propter
544 1469 724 1534 debilitatem
740 1471 849 1553 positio
871 1469 1016 1534 enclitica.

292 1571 336 1635 Ex
351 1571 469 1636 relativa
484 1583 583 1636 autern
600 1575 813 1658 significatione
825 1575 955 1659 primum
968 1573 1077 1656 prodiit
1088 1573 1263 1658 copulativa,
1278 1572 1373 1639 notis·

206 1675 336 1742 simailla
346 1677 465 1761 quidem
476 1677 621 1762 longeque
636 1679 770 1744 omnium
787 1679 1034 1763 lacquentissima,
1049 1678 1100 1743 sed
1117 1680 1204 1762 longe
1219 1679 1322 1744 eadem
1337 1677 1375 1744 ab

207 1791 275 1847 ortu
289 1801 345 1848 suo
360 1781 487 1866 digressa
502 1783 624 1878 eiusque
640 1784 722 1869 quasi
738 1785 907 1850 immemor.
951 1783 1026 1848 Nam
1043 1783 1217 1869 plerumque
1232 1781 1376 1870 simplici·

207 1893 253 1951 ter
267 1886 397 1971 copvvlari
413 1895 528 1952 vvurtum
545 1906 598 1972 per
608 1905 678 1972 qua
693 1899 792 1974 partes
807 1888 948 1954 orationis
963 1889 1111 1963 videmus,
1132 1889 1269 1953 relativae
1283 1887 1375 1971 siqni-

209 1990 353 2056 llcatiorris
369 1989 451 2056 nullo
466 1991 587 2074 reatiqio
603 1991 714 2056 relicto.
744 1993 882 2056 Attamen
896 1991 974 2056 sieut
988 1990 1187 2056 certissimum
1202 1999 1248 2055 cet
1262 2000 1375 2056 ceteras

210 2094 440 2170 coniunctiones,
457 2111 531 2176 quae
545 2093 664 2176 quidem
680 2111 748 2158 vere
763 2095 939 2178 syntecticao
954 2093 1014 2158 sint
1028 2097 1091 2174 ¹⁰),
1107 2093 1247 2170 causales,
1263 2094 1375 2168 finales,

210 2197 431 2272 continuativas,
458 2200 544 2280 (quas
564 2197 652 2260 boalia
666 2197 879 2261 conditionales
900 2196 1054 2278 dicimus),
1079 2196 1320 2279 concessivasque
1338 2216 1376 2260 ex

210 2301 437 2384 pronominibus
457 2310 508 2364 aut
528 2299 674 2364 adverbiis
695 2301 950 2383 pronominalibus
971 2311 1051 2364 ortas
1072 2319 1137 2364 csse
1160 2309 1211 2364 aut
1225 2299 1310 2363 locali
1324 2309 1377 2364 aut
1415 2366 1416 2370 ,

212 2405 367 2488 temporali
383 2415 434 2468 aut
447 2404 557 2469 causali
571 2413 621 2470 aut
637 2403 746 2469 arrodali
760 2415 811 2469 aut
827 2404 1044 2469 instrumentali
1061 2403 1275 2486 significatione
1290 2409 1377 2487 prac-

211 2507 289 2584 diris,
304 2508 348 2573 sic
361 2509 450 2572 etiam
466 2509 648 2590 crapulatione
663 2509 828 2592 simplicem
844 2509 923 2574 illam
945 2518 975 2572 et
990 2507 1074 2591 quasi
1095 2508 1205 2570 nudam
1221 2507 1377 2590 copulandi

211 2613 269 2676 virrr
285 2631 346 2676 non
361 2613 398 2676 ab
412 2612 523 2694 origine
539 2615 688 2695 propriam
705 2623 794 2695 atque
809 2613 968 2694 ingenitam
991 2610 1043 2674 secl
1066 2630 1103 2674 ex
1122 2611 1176 2674 alia
1192 2613 1319 2692 quadmn
1335 2611 1377 2674 si-

210 2717 395 2799 qnincarione
404 2735 497 2799 eaque
506 2715 661 2780 adverbiali
671 2717 832 2780 derivatam
847 2715 966 2778 babent.
991 2714 1028 2777 Et
1042 2713 1073 2778 in
1088 2713 1176 2778 latina
1189 2713 1307 2796 quidem
1320 2714 1378 2777 lin·

212 2839 277 2902 pua,
300 2819 432 2902 itemque
454 2819 483 2882 in
505 2837 617 2901 graeca,
639 2851 683 2866 -
705 2838 773 2882 nara
797 2819 833 2882 de
848 2819 913 2882 aliis
928 2817 1073 2882 disserere
1088 2817 1146 2882 boc
1160 2817 1226 2881 loco
1243 2835 1298 2881 nco
1311 2818 1378 2881 volo

212 2942 268 2987 nec
281 2942 415 3005 possum,
435 2955 477 2970 -
496 2923 595 2986 ornaris
616 2923 762 3006 copulatio
784 2923 920 3006 primitus
941 2924 1005 2986 sine
1021 2921 1110 2986 dubio
1125 2921 1280 2986 constabat
1294 2941 1378 2985 com·

211 3027 362 3110 paratione
375 3027 499 3108 quadarn
512 3027 650 3100 duorum,
667 3045 796 3109 quorum
811 3035 850 3090 ut
864 3045 957 3090 unum
975 3026 1061 3090 item
1078 3027 1203 3089 alterum
1216 3045 1290 3103 csse,
1307 3045 1378 3109 quo
1428 3063 1431 3069 ν

165 3129 167 3134 ’
213 3132 319 3194 modo
344 3149 437 3194 unum
464 3131 593 3195 eodem
620 3129 727 3194 rnavlo
753 3121 880 3193 alterum
905 3149 938 3193 ae
963 3130 1074 3194 babere
1100 3129 1259 3193 dicebatur.
1303 3130 1379 3204 Que

213 3243 324 3306 autern,
346 3234 407 3296 sive
429 3233 598 3298 adverbium
622 3233 682 3297 sive
705 3253 805 3296 casunr
829 3231 1015 3316 pronominis
1030 3233 1189 3296 ablativum
1205 3252 1270 3295 esse
1286 3233 1381 3296 credi·

215 3357 293 3412 mus,
305 3335 516 3419 significatione
532 3337 650 3402 relativa
666 3337 745 3401 idem
761 3337 840 3419 quod
855 3345 896 3402 ut
911 3347 962 3401 aut
977 3356 1048 3419 quo
1065 3337 1170 3401 modo
1185 3335 1308 3412 ualebat,
1333 3337 1381 3401 cui

215 3461 308 3526 quana
332 3461 451 3506 neccsse
474 3451 552 3506 esset
574 3441 605 3506 in
627 3441 719 3506 altero
743 3442 879 3506 nrcrrrbro
901 3441 1168 3506 dearauslratirum
1189 3441 1380 3524 respondere,

214 3547 273 3610 boc
286 3565 410 3610 munere
424 3545 601 3629 tangebatur
615 3556 665 3622 ct,
680 3546 717 3610 vlc
733 3545 817 3610 cuius
832 3545 992 3630 particulae
1004 3546 1115 3630 origine
1127 3566 1161 3610 ev
1174 3545 1278 3610 cadem
1291 3545 1382 3630 stirpe

214 3649 453 3725 demonstrativa,
468 3651 547 3714 unde
563 3649 592 3713 in
604 3649 691 3715 latina
704 3651 801 3734 lingua
813 3661 884 3716 sunt
894 3651 1046 3716 encliticae
1061 3661 1095 3715 te
1108 3651 1139 3714 in
1155 3649 1226 3715 iste
1241 3659 1271 3714 et
1286 3659 1381 3726 tute,

216 3754 248 3820 in
260 3773 362 3840 praeca
376 3747 414 3819 τὲ
427 3757 596 3840 multaeque
611 3755 824 3839 pronominum
840 3755 969 3835 larmae,
990 3756 1162 3839 inutraque
1176 3764 1276 3819 autem
1292 3754 1382 3819 etiam

216 3859 375 3926 verborum
397 3859 500 3923 tertiae
522 3879 665 3943 personae
686 3859 867 3933 terminatio,
883 3861 980 3936 da·t‚
998 3855 1180 3936 didm-aa,
1194 3858 1321 3922 dubitari
1336 3858 1383 3922 vix

216 3983 304 4048 porse
319 3951 464 4028 arbitror¹
475 3965 515 4044 ²).
543 3965 592 4027 Sic
606 3965 694 4047 igitur
709 3963 781 4029 olim
797 3963 828 4028 in
842 3963 1031 4048 copulatione
1044 3981 1163 4048 semper
1171 3971 1299 4047 utraque
1313 3979 1384 4046 par·-

290 4166 331 4233 tc)
349 4167 387 4222 Gi.
400 4170 431 4222 de
443 4176 521 4237 par-tt
534 4177 601 4222 oret.
614 4184 639 4237 p.
654 4170 701 4222 lid
714 4185 768 4238 sqq.

290 4255 330 4318 li)
348 4252 472 4308 Graecam
494 4255 645 4321 peniculon
665 4256 698 4309 vd
715 4262 775 4308 eunt
794 4255 837 4322 qul
853 4255 884 4307 sd
897 4269 1034 4323 pronomen
1047 4253 1200 4307 indcdniturvr
1213 4253 1255 4314 ric
1265 4269 1340 4322 quern
1351 4253 1384 4306 ed

220 4337 445 4394 danautaartvun
469 4336 501 4394 vai
521 4355 645 4393 revocare
656 4339 760 4406 malint,
776 4341 877 4394 scilieet
888 4341 957 4409 qula,
976 4349 1006 4394 nt
1017 4341 1098 4393 latias
1109 4355 1181 4408 qao,
1196 4341 1228 4392 de
1248 4339 1320 4392 euius
1340 4355 1385 4391 eo·

220 4423 339 4490 gustam
358 4441 414 4478 curn
427 4423 656 4495 indei.pron.quis
668 4425 779 4478 debituri
791 4427 930 4495 nequiqsio
941 4427 1019 4479 atiena
1030 4426 1062 4479 τί
1071 4441 1172 4493 semper
1181 4423 1326 4478 encliticam
1334 4431 1385 4478 est.

220 4509 299 4576 Asqet
322 4511 531 4578 significationen
546 4520 619 4566 sarta
634 4511 710 4565 balas
726 4509 763 4564 ai.
772 4512 997 4568 demonstrative·
1012 4511 1097 4579 potios
1108 4526 1167 4564 ease
1178 4511 1258 4565 aralta
1269 4511 1385 4579 exemplu
