3166 4962
771 473 922 576 jos-

257 681 328 728 uoa
342 661 421 726 sine
435 659 518 726 ioco
534 661 688 746 quodam
712 663 875 740 dicebatur,
892 683 961 728 cum
975 663 1152 749 signiticaret
1166 663 1239 730 haec
1252 663 1428 728 mirabiliter

258 774 419 840 contracta,
442 765 550 829 etita
572 766 720 848 quidem
743 769 798 832 uti
820 777 986 852 oportet.
1030 768 1197 832 llerimtum
1219 777 1267 831 est
1288 769 1368 832 enim
1389 788 1427 834 er

257 869 394 942 formulis
407 868 601 932 sollemnibus
617 869 885 936 instrumentorum
903 873 1106 957 publicorum,
1125 871 1227 954 quales
1246 879 1317 934 sunt
1337 891 1429 954 quae

257 975 388 1055 utiquo
417 972 462 1035 vel
492 973 628 1055 quibus
656 975 800 1059 utique,
828 985 940 1059 atque
968 977 1112 1059 utique,
1144 994 1213 1038 uvas
1241 975 1314 1038 oder
1340 994 1427 1038 wem

256 1075 331 1142 und
354 1094 593 1151 nasmassen,
615 1076 671 1140 als
692 1078 762 1140 uad
790 1097 1021 1144 vvasmassen.
1059 1079 1102 1142 lla
1127 1079 1252 1161 legimus
1278 1079 1308 1142 iu
1334 1079 1428 1142 llera-

258 1177 815 1264 elcensitabulal,14:eademque
838 1185 963 1248 omnia
985 1204 1077 1268 quae
1098 1183 1248 1266 utcique
1270 1183 1306 1246 io
1321 1183 1429 1246 tabu·

258 1284 312 1348 las
332 1281 526 1352 retulerit,
551 1281 599 1344 ile
614 1282 650 1346 ia
666 1285 828 1349 tabulam
845 1287 880 1350 in
895 1289 1016 1352 album
1032 1289 1232 1352 reieruude
1248 1289 1428 1366 (curalo);

257 1387 330 1452 item
344 1387 366 1476 l,
379 1385 436 1448 7⁸2:
451 1403 539 1448 neve
551 1405 676 1450 eorum
692 1389 787 1470 quod
804 1390 1021 1472 (immoapuidl
1034 1399 1202 1474 saeptum
1215 1392 1429 1454 clausumve

257 1491 408 1566 babela,
431 1508 503 1571 quo
526 1489 1151 1577 minuscisloceisporticibusque
1167 1494 1430 1577 populusuta·

257 1605 318 1658 tur
339 1604 547 1678 pateantve,
570 1594 640 1659 nisi
656 1594 792 1676 quibus
808 1597 962 1678 uicique
978 1597 1120 1679 legibus
1141 1596 1429 1682 plebeisescitie

260 1708 461 1770 senatusue
484 1699 669 1765 consultis
697 1717 912 1764 concessum
942 1703 1213 1783 permissumve
1243 1709 1309 1762 cel.
1340 1708 1371 1762 et
1399 1699 1430 1761 in

258 1807 322 1889 lege
336 1807 446 1871 Thoria
463 1807 514 1871 71.
531 1807 587 1870 72:
604 1805 709 1870 ueive
724 1839 764 1852 -
780 1805 954 1890 propiore
970 1804 1026 1868 die
1042 1805 1178 1887 exigito
1202 1813 1316 1886 atque
1330 1801 1430 1866 utei·
1469 1889 1470 1892 Ἴ

259 1929 330 1994 que
352 1911 389 1974 iu
412 1912 481 1974 hac
503 1911 581 1992 lege
602 1909 782 1991 scriptum
806 1919 871 1972 est.
891 1943 935 1956 -
962 1909 1054 1990 quod
1077 1909 1264 1994 pequuiae
1286 1907 1331 1970 ob
1353 1925 1428 1969 eam

258 2032 335 2078 rem
350 2013 532 2096 propiore
554 2012 611 2076 die
631 2021 796 2075 exactum
817 2011 888 2075 eril
908 2020 1020 2094 alque
1040 2013 1193 2094 uteique
1213 2011 1247 2073 in
1271 2009 1429 2090 baclege

257 2117 442 2202 scriptura
465 2125 530 2179 est.
546 2133 675 2197 -quo
691 2134 729 2178 ea
745 2115 904 2196 pequnia
920 2115 1087 2180 ·-·aliter
1107 2113 1300 2196 exsigatur
1319 2120 1429 2194 atque

258 2220 414 2302 uleique
428 2217 463 2282 in
479 2217 548 2281 bac
569 2218 649 2298 lege
664 2215 841 2300 seriptum
858 2222 945 2280 est.“
961 2251 1004 2264 -
1023 2218 1057 2280 la
1072 2218 1118 2281 bis
1133 2219 1222 2299 igitur
1236 2237 1270 2280 ac
1284 2216 1429 2279 similibus

259 2321 406 2406 exemplis
420 2319 478 2386 boc
492 2321 613 2404 quidem
630 2320 820 2383 ananiiestum
842 2329 897 2392 est,
917 2321 1076 2404 particulae
1097 2341 1165 2404 que
1182 2322 1238 2384 vim
1254 2340 1320 2384 esse
1335 2337 1430 2401 copu-

262 2429 392 2502 lativam,
418 2427 449 2490 b.
465 2445 490 2488 e.
513 2425 640 2508 utique
662 2443 727 2487 esse
748 2424 767 2488 i.
788 2445 817 2508 q.
838 2433 874 2488 et
894 2424 965 2500 uti;
990 2443 1091 2488 verum
1117 2435 1239 2510 apparel
1259 2422 1348 2486 simul
1368 2439 1430 2485 non

255 2531 358 2596 solnm
375 2549 434 2610 quo
448 2529 595 2614 pertineat
607 2529 679 2590 baec
690 2528 846 2609 copulatio,
861 2527 913 2590 sod
926 2527 1014 2590 ctiam
1027 2545 1086 2609 quo
1097 2527 1243 2590 reieratur
1257 2527 1429 2590 adverbium

255 2635 329 2708 uti,
355 2633 427 2695 nibil
447 2633 524 2695 aliud
545 2632 574 2694 in
595 2631 641 2694 bis
661 2631 803 2712 exemplis
830 2649 920 2712 quara
947 2623 1072 2712 ὥσπερ,
1099 2630 1429 2712 quemadmodum,

257 2735 438 2816 significans,
453 2752 560 2815 nempe
575 2733 610 2796 ad
626 2734 780 2814 sequentia
796 2733 884 2795 verba
901 2732 961 2806 „in
977 2733 1042 2794 bae
1056 2732 1135 2812 lege
1149 2732 1330 2813 scriptum
1346 2733 1429 2794 ιιι*

256 2847 311 2904 aul
331 2837 392 2913 „in
412 2836 554 2900 tabulas
576 2835 734 2899 retulit·‘
763 2841 816 2898 eut
837 2835 1003 2918 „legibus
1022 2853 1243 2899 concessum
1271 2835 1429 2919 permis-

257 2960 384 3007 sumve
405 2947 495 3004 est.“
532 2939 592 3002 lam
620 2959 691 3003 vero
711 2937 918 3002 Lachmannus
939 2938 976 3002 ab
998 2937 1168 3002 huiusmodi
1183 2939 1320 3003 lornaulis
1335 2939 1428 3022 plenis

261 3057 353 3131 atque
379 3044 500 3128 integris
526 3063 613 3108 usum
641 3044 782 3127 loquendi
802 3044 970 3126 proiectum
994 3061 1055 3108 uon
1075 3043 1165 3106 modo
1185 3043 1256 3107 illud
1277 3042 1430 3106 reticuisse

258 3153 339 3225 vult,
361 3169 421 3234 quo
435 3147 604 3213 adverbium
620 3149 798 3234 pertineret,
820 3165 917 3229 acque
937 3147 966 3210 id
981 3147 1143 3222 eiusmodi,
1167 3148 1246 3229 quod
1267 3167 1302 3210 ex
1316 3147 1430 3228 reliquo

259 3264 402 3322 coutemu
417 3252 560 3317 orationis
575 3253 660 3316 lacile
672 3251 893 3334 intelligeretur,
905 3254 986 3328 laam
999 3270 1086 3315 suum
1104 3251 1173 3314 illud
1189 3259 1337 3334 oportet
1351 3252 1430 3314 unde

259 3367 398 3425 sumatur
412 3375 502 3420 acmo
520 3356 684 3438 intelligat),
699 3357 750 3420 sed
766 3355 854 3419 etiam
871 3356 929 3418 vina
946 3355 1105 3440 particulae
1120 3375 1186 3438 que
1201 3355 1243 3420 sic
1258 3355 1431 3430 intendisse,

261 3470 296 3529 ut
311 3479 372 3526 noo
388 3459 560 3544 simpliciter
573 3459 753 3542 copulationi
774 3459 944 3534 inserviret,
971 3459 1023 3522 sed
1048 3459 1226 3542 significaret
1245 3459 1345 3541 potius
1366 3457 1384 3520 i.
1401 3479 1431 3541 q.

259 3575 295 3632 ιι
317 3564 471 3648 quidem.
502 3562 669 3646 Utrumque
684 3562 865 3638 incredibile,
880 3563 932 3626 sed
948 3563 1076 3628 maxime
1091 3563 1161 3628 illud
1176 3563 1313 3626 alterum.
1342 3561 1431 3626 Novi-

260 3690 331 3738 mus
345 3669 464 3756 quidem
481 3666 510 3733 in
527 3667 661 3752 populari
676 3686 814 3733 sermone
830 3687 847 3732 a
863 3668 1045 3735 nostratibus
1061 3676 1092 3733 et
1107 3667 1278 3753 praecipue,
1298 3675 1332 3732 ut
1353 3665 1432 3732 arbi·

259 3785 335 3854 tror,
356 3795 373 3840 a
395 3772 645 3849 berolinensibus,
667 3772 745 3838 inler
766 3793 842 3858 quaes
863 3772 1069 3839 baclvmannus
1090 3773 1267 3852 versabatur,
1290 3789 1432 3836 nonerun-

259 3899 352 3966 quam
367 3877 493 3962 elliptice
507 3877 564 3942 dici
579 3877 656 3942 Und
672 3877 750 3943 wie!
776 3877 829 3942 sed
849 3879 935 3961 longe
957 3887 1057 3944 tamm
1071 3879 1129 3942 olio
1144 3879 1243 3942 modo.
1280 3875 1334 3942 Est
1348 3877 1429 3941 enirn

259 3985 335 4048 baec
359 3983 549 4060 exclamatio,
573 4001 628 4047 nec
646 3971 809 4067 usunaalur
831 3983 888 4048 nisi
909 4002 1001 4068 quum
1022 3983 1162 4060 verbum,
1188 4002 1247 4064 spuo
1266 3981 1336 4045 illud
1364 3982 1430 4046 wie

261 4089 417 4162 nieman,
433 4086 602 4170 praecessit,
617 4105 644 4150 c.
660 4105 687 4150 c
704 4097 863 4171 postquam
878 4088 951 4152 dixit
965 4086 1085 4170 aliquis:
1101 4087 1165 4152 das
1180 4087 1228 4150 ist
1242 4085 1428 4160 thoricbt,

261 4191 288 4255 si
301 4191 420 4255 additur
433 4199 485 4254 aut
499 4189 536 4253 ab
551 4189 616 4274 ipso
630 4199 682 4254 aut
696 4191 733 4255 ab
747 4191 855 4255 altero:
875 4191 947 4254 und
964 4189 1044 4254 niel
1065 4189 1252 4272 intelligitur:
1273 4190 1346 4253 und
1363 4188 1429 4254 wic

263 4292 427 4357 thoricbl
446 4291 494 4356 ist
507 4307 555 4356 es.
585 4292 629 4355 nd
645 4293 703 4358 boc
717 4293 884 4378 exemplum
900 4292 989 4358 latino
1005 4293 1129 4356 ‹lixorisr
1150 4293 1243 4368 „boe
1262 4293 1428 4377 ineptum

263 4403 334 4468 est,
348 4403 385 4458 ιι
398 4394 670 4478 quantoperel“
685 4397 745 4460 Sed
760 4403 905 4480 quantum
916 4396 953 4459 ab
965 4395 1122 4478 bacellipsi
1134 4395 1204 4460 illud
1216 4392 1429 4460 Laebmaoaia·

264 4513 339 4560 uum
355 4507 558 4562 commeatum
573 4482 663 4562 distel
676 4515 766 4562 nemo
781 4517 841 4563 noa
862 4499 1004 4581 iutelligit
1040 4499 1115 4564 Nam
1138 4517 1164 4562 a.
1181 4517 1206 4562 c
1229 4497 1262 4563 iu
1279 4499 1329 4562 illo
1344 4495 1428 4561 Cice·
