3182 4962
749 373 813 438 350

201 561 291 626 mode
313 561 438 646 possint
495 561 586 626 Verba
613 561 686 628 haec
711 574 799 628 aunt:
822 559 1043 644 „Epicurus
1068 569 1192 626 autem
1213 597 1254 610 -
1274 565 1376 631 decet

201 685 278 730 eam
301 686 386 730 esse
407 665 477 730 viui
496 675 533 730 et
552 675 721 734 naturam
743 667 912 741 deorum,
934 675 977 730 ut
998 665 1152 750 primum
1169 684 1244 732 nen
1259 687 1375 736 sceau

200 773 262 836 sed
279 781 607 849 montecernetur,
630 792 695 838 nec
714 772 906 838 soliditate
928 771 1084 856 quadam
1101 773 1224 836 uccad
1241 793 1375 840 nume·

200 893 294 950 rum,
318 887 358 941 ut
377 897 415 942 ea
437 897 527 961 quao
548 876 613 941 illc
634 887 787 960 proptor
815 875 1039 940 firmitatem
1068 875 1288 960 στερέμνια
1311 901 1375 964 ep·

201 979 1374 1068 pellat,sedimaginibussimilitudinesttrausitionepercep·

200 1084 283 1148 lis.·‘
326 1085 567 1169 llespeudctttem
583 1085 618 1147 ad
635 1083 708 1147 hacc
722 1085 840 1148 llottsm
864 1105 928 1167 cap.
944 1083 995 1158 ut,
1016 1085 1193 1152 relucere
1213 1087 1257 1154 uta
1279 1088 1375 1152 terhis

203 1189 245 1253 uti
260 1189 345 1255 lacit:
372 1191 455 1264 „Sic
470 1189 565 1254 enirn
581 1187 750 1263 dieelras,
777 1188 944 1273 speciem
966 1187 1024 1252 dei
1045 1189 1187 1275 percipi
1207 1193 1374 1276 cogitati·

79 1301 83 1308 '
203 1313 285 1368 ene,
304 1313 377 1359 non
397 1313 525 1368 sensu,
545 1312 611 1358 nec
631 1313 721 1358 esse
736 1293 772 1356 in
789 1315 829 1357 ea
850 1293 964 1357 ollem
985 1293 1235 1371 soliditatem,
1256 1317 1375 1381 neque

202 1397 350 1462 candem
366 1400 407 1462 ad
430 1417 620 1462 numerum
642 1416 883 1480 permanere,
906 1417 1058 1480 eamque
1078 1419 1163 1464 esse
1187 1401 1267 1465 eins
1289 1403 1375 1465 aisi-

203 1521 322 1578 enem‚
342 1503 650 1568 utsimllitodine
670 1505 705 1563 el
726 1501 958 1565 transitione
979 1509 1187 1568 cernatur.·‘
1215 1523 1271 1569 nee
1286 1505 1374 1568 dubi-

203 1607 257 1670 tari
279 1617 391 1689 potest.
415 1607 487 1690 quin
509 1607 611 1668 Cicero
627 1605 743 1668 Cottam
764 1605 808 1668 sic
830 1606 1015 1689 loquentem,
1038 1608 1105 1672 licet
1126 1609 1222 1673 verbis
1240 1609 1374 1673 nonnihil

202 1711 378 1785 immutatis,
397 1710 575 1774 sententious
597 1721 696 1774 tanuen
717 1709 859 1783 eandem,
879 1731 955 1794 quae
975 1711 1116 1776 avelleio
1135 1714 1286 1796 proposita
1307 1713 1373 1789 luit,

202 1826 333 1898 repetere
349 1815 483 1878 soluerit.
528 1814 629 1896 ltaque
645 1833 738 1895 quum
756 1813 880 1878 Velleius
899 1815 969 1878 rim
989 1826 1025 1880 et
1045 1828 1215 1881 naturam
1236 1819 1371 1893 deorum,

173 1929 176 1938 ’
202 1921 285 1982 Cotta
311 1931 411 1982 eutem
439 1919 600 2001 speciem
630 1919 722 1992 dieat,
750 1918 861 1980 nihilne
885 1920 1029 1984 interesse
1055 1923 1240 2005 putabimus,
1271 1933 1372 1986 ulrum

201 2022 310 2085 horum
325 2020 461 2085 dicatur?
483 2022 627 2104 Equidem
644 2022 771 2083 inultum
786 2021 928 2084 interesse
944 2041 1061 2088 censeo.
1086 2025 1161 2088 Nam
1179 2027 1373 2106 plurimarum

202 2144 319 2198 rerem,
344 2144 470 2208 quarum
493 2125 620 2207 speeiem
639 2124 666 2186 11.
682 2145 708 2186 e.
730 2126 874 2197 lerneam,
897 2127 1020 2208 liguram
1041 2147 1223 2210 omnemque
1239 2129 1374 2193 lraleitum

203 2239 358 2292 externum
377 2231 467 2310 proto
483 2241 587 2290 netum
604 2227 764 2299 habemus,
785 2227 843 2288 viru
865 2239 964 2290 laureo
989 2241 1020 2292 et
1035 2244 1169 2294 naturam
1186 2233 1272 2314 plano
1288 2233 1375 2295 nobis

202 2331 380 2414 incognitam
407 2353 473 2395 esse
499 2331 660 2412 numquis
686 2329 804 2392 dilliteri
830 2329 974 2394 aodeulrl
1007 2333 1099 2395 l‘orre
1125 2334 1373 2416 cogitatione,

203 2455 275 2500 nen
296 2455 426 2508 serrsu.
449 2436 614 2519 speciem
641 2435 698 2498 dei
720 2433 874 2517 percipi.
892 2435 961 2516 quid
982 2435 1059 2498 aliud
1078 2437 1244 2518 signilicare
1266 2449 1374 2520 potest,

203 2562 290 2624 quem
307 2543 462 2624 cogitando
478 2543 598 2604 demum
616 2559 670 2602 nos
686 2559 722 2601 eo
738 2538 907 2619 pertenire.
929 2543 962 2600 ul
977 2557 1034 2620 qua
1054 2539 1092 2602 sit
1106 2543 1204 2622 specie
1216 2541 1290 2604 deus
1306 2561 1374 2624 per·
1459 2569 1463 2577 ·

203 2643 369 2728 cipiamusi
413 2645 499 2725 dtoui
523 2663 561 2706 no
584 2645 641 2722 lloc
662 2642 780 2724 quidem
804 2642 950 2724 Epicuros
972 2655 1023 2706 aut
1038 2645 1165 2708 Velleius
1185 2646 1374 2720 concesserit.

204 2749 277 2812 Num
301 2749 410 2830 spieeiei
433 2749 556 2810 deorum
581 2747 732 2810 notionem
756 2747 883 2828 primam
901 2748 1045 2829 Epicurus
1068 2749 1221 2831 repetebat
1241 2749 1279 2812 ab
1295 2750 1373 2813 ima·

202 2853 319 2936 pinibus
342 2852 371 2915 in
394 2853 527 2916 artiorem
557 2849 793 2924 incurrentibus,
828 2851 897 2914 hiuc
923 2863 1024 2915 autem
1057 2865 1158 2916 natam
1181 2853 1217 2916 de
1242 2854 1373 2919 huaaraua

204 2957 301 3039 specie
333 2957 502 3041 opinionem
533 2954 691 3041 postmodo
726 2954 814 3016 elium
843 2957 956 3018 ratione
985 2966 1015 3019 et
1049 2957 1233 3038 reprimentis
1262 2963 1374 3024 conllr·

204 3081 285 3124 mere
322 3061 491 3126 cornicetur.
539 3059 670 3140 lienique
708 3075 778 3120 nen
809 3057 958 3121 eandem
998 3059 1194 3143 (speciem)
1228 3061 1267 3123 ad
1301 3083 1373 3128 uu·

205 3185 343 3230 merum
379 3182 595 3249 permonere
630 3163 700 3246 quid
736 3164 813 3228 eliud
848 3185 914 3228 esse
949 3164 1098 3240 dicemus,
1127 3183 1216 3248 queem
1248 3187 1374 3230 nurnero

170 3345 175 3352 ι
204 3269 311 3333 tariaou
323 3289 399 3339 esse,
415 3279 446 3331 ut
463 3269 552 3330 modo
565 3269 664 3349 plures
676 3267 765 3332 rttedo
777 3269 929 3349 pauciores
941 3269 1054 3351 species
1065 3269 1177 3333 similes
1189 3268 1375 3334 offerantur?

205 3373 291 3448 Quod
308 3375 375 3437 licet
390 3373 509 3452 intelligi
525 3373 607 3436 loeile
624 3373 731 3455 possit,
755 3389 859 3434 vereor
878 3381 977 3434 tamen
999 3391 1036 3434 ne
1057 3373 1205 3437 diuersum
1222 3374 1261 3436 sit
1275 3375 1312 3437 ali
1327 3395 1373 3450 ee,

204 3478 284 3558 queetl
298 3477 423 3566 Velleius
439 3475 526 3548 dir-it,
547 3477 670 3539 deorum
693 3477 751 3538 tim
771 3487 803 3538 et
822 3484 959 3538 naturam
978 3475 1265 3541 000110001011101
1281 3478 1373 3542 cerni.

204 3579 277 3643 Nam
290 3580 325 3643 ad
342 3597 501 3644 euenerunt
517 3580 597 3642 cerni
614 3579 674 3652 vix,
691 3578 807 3662 opinor,
823 3579 901 3644 aliud
916 3579 1081 3660 siguificare
1096 3589 1207 3662 potest·
1223 3599 1313 3663 qttam
1336 3580 1378 3644 its

204 3684 299 3756 cerni,
321 3697 355 3746 ur
369 3702 472 3746 eorum
486 3701 561 3764 quae
578 3693 740 3746 cernuntur
754 3700 899 3746 numerus
915 3684 1011 3745 notari
1025 3683 1128 3765 pessit.
1174 3683 1225 3747 Sic
1239 3685 1327 3764 igitur
1342 3702 1377 3745 ex

205 3785 307 3850 ceettae
338 3786 434 3849 seritis
459 3799 570 3850 certain
599 3803 720 3857 eorum,
746 3804 823 3868 quae
844 3785 969 3848 l'elleiua
991 3785 1078 3861 dixit,
1101 3785 1378 3867 interpretationem

203 3887 313 3952 hauriri
329 3907 389 3952 non
404 3907 491 3972 presse
502 3901 632 3973 apparet.
657 3889 715 3952 led
730 3890 827 3952 minos
842 3889 931 3952 etiam
949 3890 1022 3952 haee
1035 3889 1098 3972 ipsa
1114 3889 1230 3954 laciiern
1247 3889 1378 3954 intellec·

205 4000 270 4054 tum
286 3991 404 4055 holtem.
428 3993 556 4056 lleeruur
573 3995 631 4055 airu
647 4002 677 4054 et
692 4005 829 4056 naturane
846 4010 908 4056 nen
920 3993 1117 4057 soliditate
1132 3995 1284 4076 quadam
1298 3993 1380 4057 cerni

202 4093 349 4168 aodimus,
365 4107 399 4158 ut
413 4116 447 4159 ea
463 4113 539 4178 quac
555 4107 676 4178 prepter
691 4095 859 4159 firmitatem
875 4091 1052 4178 στερέμνια
1068 4109 1228 4170 vocantur,
1245 4097 1298 4160 sed
1322 4098 1380 4160 hec
1477 4123 1478 4128 ¹

205 4195 302 4280 ipsum
322 4197 521 4260 soliditate
541 4200 696 4280 quadam
712 4199 816 4262 cerni
832 4199 906 4285 'quid
922 4199 962 4262 sit
977 4210 1007 4262 et
1021 4219 1081 4282 que
1097 4199 1187 4264 mode
1202 4192 1381 4281 στερέμνια

204 4298 351 4362 soliditate
366 4319 418 4364 aua
430 4299 510 4365 cerni
525 4301 680 4375 dieantur,
703 4321 751 4364 nie
771 4302 890 4384 quidem
907 4303 994 4384 lupit.
1037 4303 1130 4366 Estne
1145 4303 1344 4368 soliditate
1359 4301 1379 4366 's

204 4419 235 4484 q.
246 4415 368 4485 propter
382 4399 586 4467 soliditatem?
601 4403 738 4486 Atquine
749 4402 923 4489 στερέμνια
935 4405 1056 4487 quiden
1066 4414 1189 4488 propter
1199 4404 1380 4469 soliditatem
