3182 4962
644 402 795 504 jor-

142 591 308 676 opiouitatiu
324 591 433 666 studio,
448 591 584 674 quantit
598 591 706 670 nimio,
726 602 756 658 et
769 593 801 656 in
815 591 861 656 hit
876 592 996 674 quidem
1011 591 1116 656 tonuit
1130 609 1168 655 ue
1181 600 1308 676 propter

138 695 347 778 etymologiam
362 695 482 777 quidem
498 695 661 778 probando.
683 695 799 759 Etenim
814 696 844 758 in
859 694 935 766 aio,
949 713 1046 758 nune
1060 706 1091 757 et
1104 705 1191 758 tune
1207 695 1305 759 littera
1375 765 1380 772 ,

140 817 157 861 o
171 815 232 861 non
247 797 374 879 ingenita
388 806 448 870 eat,
468 799 520 861 aed
540 799 637 862 addita
652 807 769 862 tanturn
783 797 914 861 fortioris
928 797 1191 862 demonstrationis
1205 817 1304 874 cauea,

72 897 74 904 ’
139 919 237 984 neque
255 901 315 964 hoe
334 901 594 966 demonstrationis
608 903 755 966 elemento
770 901 883 964 omitto
898 903 1056 986 particulae
1072 903 1137 965 ittae
1151 903 1303 986 propriam
1420 886 1427 894 ⁸

139 1023 226 1068 auam
244 1003 487 1088 signiteationen
501 1005 652 1071 amittunt
683 1005 770 1068 Num
785 1005 866 1068 enim
886 1005 916 1068 in
936 1007 1163 1079 etiamnum.
1182 1015 1257 1069 tum
1271 1005 1304 1069 iu

139 1109 328 1173 etiamtum
343 1108 421 1173 idem
437 1111 548 1184 vatent.
569 1110 650 1194 quod
665 1129 761 1174 nuuc
774 1119 804 1172 et
818 1121 917 1174 tuno.
947 1109 986 1172 Si
1001 1120 1100 1173 autern
1117 1129 1171 1193 pro
1185 1109 1255 1184 oio,
1269 1116 1304 1173 ut

140 1213 228 1279 hodie
241 1213 271 1276 in
287 1213 517 1278 Romanentium
532 1214 656 1298 linguis.
679 1215 744 1279 aine
758 1213 850 1278 dnbio
865 1213 954 1278 etiam
969 1215 1133 1296 antiquitus
1147 1215 1178 1279 iu
1193 1213 1304 1296 vulgari

139 1336 279 1383 nemone
303 1317 463 1394 dotatur,
488 1337 545 1383 neo
570 1337 638 1383 raro
658 1319 747 1382 etiam
770 1319 802 1382 in
820 1318 971 1382 oodieibua
985 1319 1129 1402 seriptum
1145 1319 1303 1382 invenitur.

142 1420 208 1496 Qua
233 1421 348 1484 ratione
374 1431 474 1486 autem
500 1421 669 1484 adverbium
695 1421 960 1484 demonstrativum
984 1421 1074 1485 etiam
1089 1421 1305 1486 coniunctioni·

140 1523 358 1588 continuativae
372 1529 411 1604 (a.
425 1523 645 1595 eonditionatia)
662 1543 785 1586 munere
800 1523 882 1606 iungi
898 1524 1041 1606 potuerit,
1064 1519 1305 1607 prudentioribus

141 1644 203 1691 non
225 1626 343 1692 diffinito
364 1627 421 1691 erit
434 1627 471 1690 ad
487 1626 736 1710 peratioieudum,
759 1629 881 1711 flerique
895 1628 985 1691 etiarn
1001 1627 1033 1690 iu
1047 1639 1151 1692 noatm
1165 1643 1305 1691 moue

142 1729 238 1814 patrio
253 1730 398 1808 ridemur,
413 1741 447 1794 ut
459 1730 602 1814 particula
616 1750 656 1794 ao
671 1743 798 1814 utroquo
813 1731 904 1794 modo
918 1741 1088 1816 usurpetur.
1316 1713 1325 1739 ⁸
