3266 4958
792 443 939 544 ...⁵ss

289 633 363 717 poni
387 629 553 710 uoluunt,
582 649 681 714 neque
707 629 742 695 0.
767 631 921 709 lluellero,
950 634 1002 716 qui
1028 633 1150 718 insuper
1171 636 1261 701 etiam
1280 633 1408 724 τροφάς
1429 641 1460 704 in

288 729 437 819 στροφάς
447 735 578 806 mutavit,
591 751 773 816 quamquam
785 735 854 798 huie
863 736 953 799 etiarn
964 755 1095 820 nuperos
1106 739 1235 802 editores
1245 741 1459 806 llirclrhollium

289 846 321 900 et
340 837 505 900 usualium
525 836 695 918 adstipulari
716 839 813 902 viden.
858 839 895 900 Et
913 858 983 902 sarie
1003 841 1027 902 si
1051 833 1289 926 ‹ipepqieepc‘cec
1310 845 1458 920 scribitur,

290 959 349 1022 qua
370 939 485 1002 ratione
504 939 609 1021 aliquis
634 929 873 1026 ιλμφιβωμίους
898 937 1027 1028 τροφὰς
1056 935 1211 1008 ιλλᾶσθαι
1241 945 1297 1007 diei
1318 949 1459 1028 potnerit,

289 1043 409 1122 intelligi
424 1043 537 1124 nequit
582 1043 668 1115 Quod
683 1044 763 1105 enim
780 1044 967 1106 llennannus
981 1046 1030 1120 ait,
1045 1066 1112 1108 esse
1128 1047 1198 1110 illud
1214 1047 1331 1110 brevius
1346 1049 1458 1114 dictum

289 1163 346 1228 pre
366 1137 470 1227 η’λᾶτσ
491 1136 573 1222 ἔχων
599 1135 840 1228 τλμφιβωμίσιτ
862 1141 1001 1231 scepeie:
1025 1167 1097 1230 pace
1117 1149 1172 1211 viri
1192 1150 1302 1211 summi
1323 1149 1456 1226 dixerim,

290 1247 407 1310 vitietur
421 1246 493 1310 mili
508 1246 677 1309 huiusmodi
693 1247 922 1328 lsraclqlcgiam,
943 1268 1001 1330 qua
1023 1251 1085 1330 lege
1100 1251 1240 1314 adstricta
1254 1261 1284 1312 et
1299 1252 1408 1333 equibus
1423 1256 1467 1315 li·'

290 1351 380 1414 nibus
399 1349 510 1412 inclusa
530 1349 579 1420 sit,
600 1367 662 1410 nen
683 1349 755 1412 satis
774 1358 936 1429 reputasse.
981 1352 1028 1414 Fit
1043 1352 1163 1434 quidem
1178 1371 1403 1435 saepenumero,
1425 1365 1460 1419 ut

290 1453 387 1516 verbis
407 1451 554 1515 actionem
575 1451 703 1533 aliquam
725 1451 958 1532 signitlcmnlus
979 1471 1033 1534 pre
1054 1454 1184 1531 obiecta,
1199 1458 1363 1519 accusativo
1379 1477 1459 1534 casn,

290 1557 416 1620 addatur
430 1555 551 1637 aliquid,
567 1553 647 1636 qnnd
663 1571 721 1635 qua
736 1555 849 1618 ratione
865 1554 1015 1620 ellectum
1029 1577 1093 1620 esse
1110 1558 1205 1639 possit
1223 1576 1284 1620 nen
1304 1559 1458 1642 intelligas,

289 1659 346 1724 nisi
362 1659 484 1722 alteram
499 1657 647 1739 quandam
663 1656 808 1720 actionem
824 1657 874 1720 illo
889 1657 978 1722 verbe
994 1677 1055 1721 non
1069 1660 1178 1724 diserte
1189 1680 1359 1744 expressam
1374 1664 1459 1728 tacite

290 1763 458 1827 substante.
505 1761 613 1823 l’erunt
635 1767 734 1822 lamen
751 1760 794 1824 sic
814 1762 849 1822 ad
873 1761 1109 1827 seeleudimdum
1131 1764 1257 1846 relinqui
1278 1783 1339 1828 nnn
1360 1775 1461 1851 petest

290 1866 350 1931 nisi
365 1867 430 1930 talis
445 1864 532 1940 aetio,
548 1883 624 1946 quae
639 1883 707 1928 curn
721 1864 777 1937 illa,
793 1883 881 1946 equam
897 1865 1020 1930 verbum
1042 1868 1204 1950 eloquitur,
1224 1867 1268 1932 sic
1287 1879 1338 1932 aut
1355 1879 1459 1934 natura

290 1989 346 2034 aua
361 1979 411 2034 ant
426 1987 508 2032 neure
523 1967 682 2032 coilinncta
702 1976 757 2038 est,
779 1975 813 2030 ut
831 1967 919 2031 simul
940 1977 1030 2050 atque
1046 1969 1194 2035 obiectum
1210 1971 1341 2036 additum
1357 1971 1459 2036 audia-

291 2085 352 2148 tur,
367 2074 456 2137 etiarn
472 2073 508 2134 de
523 2071 725 2134 subaudienda
743 2070 859 2134 actione
874 2071 1001 2135 dubitari
1016 2073 1102 2155 plane
1117 2092 1177 2137 non
1193 2076 1296 2156 pessit.
1342 2076 1407 2152 Sic,
1426 2086 1460 2140 ut

291 2177 426 2259 esenaple
447 2185 515 2238 utar
536 2175 663 2238 maxime
678 2174 714 2236 ad
729 2191 793 2236 rem
809 2173 1010 2238 illustrandam
1026 2175 1264 2257 accommodate,
1279 2179 1373 2240 νικᾶν
1386 2173 1459 2242 στὲ·

291 2298 398 2366 φατον
411 2289 462 2341 aut
475 2267 623 2362 τρίποδα
637 2277 776 2346 dicuntur
791 2283 915 2346 riennes
930 2279 1069 2340 ludorum
1084 2297 1225 2342 eoronam
1245 2289 1297 2344 ant
1311 2281 1458 2362 tripodem

291 2401 348 2466 pare
367 2381 499 2464 praemio
520 2383 657 2446 uictoriae
680 2385 871 2468 accipientes,
897 2381 1131 2462 subauditurque
1156 2382 1229 2447 haee
1254 2383 1459 2466 accipiendi

290 2487 376 2548 notin
396 2486 478 2549 facile
499 2498 670 2568 prepterea,
694 2489 774 2570 eqeicd
796 2487 906 2552 nemini
930 2489 1064 2569 ignotum
1080 2496 1134 2558 est,
1151 2486 1200 2566 qui
1217 2487 1379 2548 rinnantea
1394 2487 1459 2568 ipse

290 2589 381 2652 eliam
402 2590 460 2653 linc
479 2591 607 2672 assequi,
629 2601 663 2654 ut
683 2593 849 2674 praemium
869 2591 1021 2673 accipiant.
1061 2580 1233 2650 Ἅλᾶσθαι
1248 2599 1347 2652 autern
1362 2610 1386 2652 s.
1404 2609 1479 2660 rar

290 2691 369 2774 gari
383 2691 448 2754 licet
463 2691 557 2774 pessit
576 2693 680 2773 aliquis
702 2695 791 2758 etiam
814 2695 907 2758 vietus
928 2691 1088 2776 quaerendi
1109 2709 1211 2764 causa,
1230 2691 1458 2774 haudquaquam

291 2801 393 2856 tamen
412 2813 510 2877 necque
528 2795 590 2878 ipsa
610 2798 654 2860 rei
673 2805 777 2862 natura
798 2815 895 2880 neque
910 2797 1042 2860 uteribus
1057 2802 1087 2854 et
1101 2794 1315 2856 consuetudine
1330 2795 1373 2858 sie
1387 2796 1460 2858 alte-

290 2916 360 2961 rum
376 2915 443 2960 cum
458 2899 551 2962 altere
566 2901 757 2964 coniunctum
773 2907 827 2974 est,
851 2907 884 2963 nt
898 2901 985 2962 etiam
1001 2915 1062 2960 non
1074 2895 1184 2958 diserte
1195 2915 1334 2978 expresse
1349 2917 1459 2980 equae-

290 3001 398 3065 rendi
412 3009 463 3064 aut
477 3003 687 3084 aecipiendi
702 3005 822 3068 notione
837 2995 994 3067 α’λᾶσθαι
1015 2993 1145 3083 τροφάς
1160 2997 1216 3060 dici
1230 2999 1333 3080 possit.
1379 3001 1459 3062 Cen·

291 3113 339 3168 tra
364 3099 514 3189 στρσφᾶς
540 3097 694 3170 didaces
721 3107 776 3170 diei
800 3108 896 3189 potuit
921 3115 1076 3190 propterea
1102 3101 1182 3184 quod
1205 3097 1350 3187 στροφαὶ
1379 3103 1459 3184 ipsae

293 3207 377 3288 quasi
395 3225 488 3288 genus
510 3207 658 3289 quoddam
679 3199 833 3294 σλλφτιίας
854 3217 938 3282 sunt,
959 3219 993 3271 ut
1015 3207 1065 3290 qui
1085 3195 1240 3270 eiiciendae
1264 3203 1342 3266 idem
1368 3205 1459 3268 etiam

293 3307 520 3396 στρωφᾶσθαι
543 3311 600 3376 diei
615 3311 725 3396 pessit:
742 3313 821 3376 tende
836 3330 897 3375 nen
913 3312 1010 3375 eatinus
1027 3327 1116 3392 qnam
1132 3300 1282 3392 στροφὰς
1303 3297 1458 3370 ἀλᾶσθαι

292 3413 382 3478 etiam
399 3405 553 3502 eiiqtainv
567 3419 611 3481 rel
627 3407 710 3492 ι’ἑλας
731 3417 958 3502 στρωφᾶσθαι
980 3413 1036 3478 dici
1052 3413 1127 3476 lien
1162 3408 1220 3472 Sed
1235 3409 1311 3472 lianc
1324 3427 1385 3472 nnn
1400 3409 1459 3474 iarn

292 3519 510 3602 braclqlegiane
524 3537 588 3584 esse
603 3529 733 3604 apparet,
750 3520 860 3605 qniqqre
874 3539 967 3606 quum
984 3535 1044 3584 nem
1059 3515 1218 3582 reticeatur
1233 3512 1355 3577 alienius
1367 3515 1459 3578 aetio-

292 3623 340 3688 nis
355 3624 448 3698 nctio,
462 3642 551 3706 quam
567 3624 719 3690 subaudiri
733 3635 878 3709 oporteat,
892 3625 945 3690 sed
960 3642 1019 3688 una
1033 3622 1196 3702 eademque
1211 3617 1287 3700 actia
1300 3615 1350 3689 sit,
1371 3635 1458 3696 quam

292 3727 411 3790 «lucibus
425 3727 522 3790 medis
537 3735 567 3790 et
581 3729 669 3791 verbe
685 3737 716 3792 et
730 3729 851 3792 nominc
866 3729 1018 3812 designare
1032 3726 1096 3810 pari
1111 3724 1174 3787 iure
1186 3719 1299 3784 licebat
1321 3718 1355 3780 ld
1367 3737 1460 3798 equum

293 3829 335 3893 ita
355 3831 395 3904 lit,
413 3839 448 3893 ut
464 3830 589 3893 seruum
605 3841 635 3893 et
650 3848 761 3894 numen
780 3831 913 3896 eiusdem
932 3831 1033 3914 stirpis
1046 3835 1205 3913 ponantur,
1220 3823 1300 3886 velut
1314 3817 1462 3904 στροφὰς

294 3927 537 4017 στρωφᾶσθαι,
560 3925 643 4010 ἅλας
665 3927 833 4010 α’λᾶσθαι,
863 3935 940 4000 hanc
958 3933 1123 3998 Lubeckius
1145 3931 1269 4013 liginum
1284 3925 1459 4010 etymologi-

366 4101 407 4164 18)
425 4101 478 4154 llcc
490 4096 692 4173 λμφιρωμλονς
703 4105 779 4157 ctum
792 4103 817 4156 in
828 4104 957 4158 ecdicilans
969 4103 1117 4173 quibusdam
1128 4101 1251 4168 seriptum
1262 4103 1311 4165 eet,
1321 4093 1399 4149 simili
1411 4095 1460 4147 sci·

296 4185 359 4239 lieet
377 4201 478 4253 errare,
497 4205 570 4255 quan
586 4190 629 4257 qni
645 4191 711 4258 apud
728 4191 864 4245 denarum
879 4205 968 4244 recen
988 4187 1152 4261 (inpendisse
1168 4185 1283 4255 peperit,
1302 4182 1460 4234 doctioribut

296 4271 466 4339 gra-utitis
479 4273 652 4341 inpretatur,
664 4294 771 4346 qucrnea
785 4279 965 4332 seueritatem
981 4277 1067 4330 amic
1083 4292 1131 4328 cae
1147 4273 1166 4327 l.
1181 4271 1312 4326 ltaliam
1325 4267 1351 4319 in
1366 4281 1460 4330 nepem

296 4356 383 4412 iliadis
394 4359 504 4412 editione
515 4375 562 4428 pra
574 4361 654 4416 nihile
666 4365 793 4436 labuerit.
826 4363 867 4420 Gi.
886 4366 972 4432 opusc
988 4379 1026 4417 ιι.
1044 4363 1064 4416 ll
1080 4379 1104 4430 p.
1125 4362 1185 4416 iil.
1201 4358 1268 4413 Adel.
1283 4351 1369 4410 scial.
1387 4351 1459 4408 l'led.

296 4442 499 4516 quirnea
