3186 4958
624 398 775 498 Q

111 587 317 654 Piraeensibuo
341 588 494 654 interulis
513 589 576 654 iura
596 587 684 653 etiam
704 589 764 654 hoo
783 587 970 654 conceditur:
989 581 1094 652 τελεῖν
1114 577 1216 652 διτδν
1235 581 1278 651 τδ

112 683 199 757 αἐτδ
226 686 304 778 τέλη
333 685 367 757 έν
392 693 444 778 rui
470 685 581 780 δήμῳ,
609 683 699 778 δ’περ
722 681 764 756 ι’ίν
783 689 840 756 καί
862 691 1049 777 Πειραιεῖς,
1076 687 1134 756 καί
1156 686 1201 777 μὴ
1225 683 1278 755 έκ-

113 791 221 879 λίγειν
247 787 327 881 παρ’
355 787 458 860 sisoi
483 791 541 860 τδν
569 789 738 881 δήμαρχον
758 791 798 860 εδ
820 787 1032 881 ίγττητικδνῖ
1061 796 1102 860 De
1126 813 1278 860 sacrorum

113 899 324 965 commuuione
339 899 539 964 Callidamanti
554 917 692 964 eooeessa
707 900 738 964 in
754 901 812 965 hoe
825 909 966 964 contestu
979 899 1100 984 cogitari
1115 917 1175 963 non
1191 918 1279 984 ησεεε

113 1005 304 1070 manifestum
320 1013 379 1081 εει,
394 1023 429 1070 ae
442 1004 467 1068 si
483 1004 551 1086 quis
566 1013 665 1068 tamen
682 1004 711 1068 iu
727 1003 783 1068 sibi
798 1005 988 1068 aroniiestum
1005 1025 1068 1068 esse
1083 1013 1186 1087 neget,
1206 1022 1280 1068 eon·

113 1110 190 1174 rinei
211 1109 321 1193 poterit
341 1127 377 1173 ex
398 1109 457 1172 hoo
476 1108 542 1190 ipse
563 1108 693 1184 decreto,
709 1128 802 1192 quum
818 1109 915 1194 paullo
930 1118 1014 1185 ante,
1029 1129 1056 1172 r.
1075 1109 1222 1184 11-17,
1243 1107 1280 1172 δε

114 1213 205 1276 saeris
234 1211 443 1296 praecipiatur:
474 1205 533 1275 καί
561 1203 643 1274 ὅταν
668 1207 783 1277 aeusi
804 1213 978 1298 Πειραιεῖς
1005 1205 1039 1276 έν
1065 1211 1136 1287 τοῖς
1156 1211 1282 1286 κοινοῖς

116 1307 218 1396 ίεροῖς
247 1309 358 1395 νέμειν
388 1309 447 1378 καί
473 1307 728 1396 mouentium
759 1309 898 1397 μερίδα,
931 1309 1091 1399 καθάπερ
1124 1309 1181 1378 καί
1211 1312 1283 1388 τοῖς

118 1408 236 1493 ε’ίλλοις
262 1417 495 1500 Πειρσιτῦσιν,
529 1411 588 1480 καί
621 1419 865 1482 συνεστιᾶσθαι
904 1411 1164 1498 Καλλιδιίμαντσ
1195 1409 1280 1495 μετδ

116 1513 305 1602 Πειραιέων
320 1513 355 1583 έν
368 1511 481 1584 διτασι
495 1519 566 1596 τοῖς
581 1510 693 1606 ίεροῖς,
709 1515 795 1605 πλην
811 1510 912 1582 είνισυ
929 1511 1042 1594 ιιίτοῖς
1059 1518 1099 1598 Ιλι.
1114 1539 1141 1581 e.
1154 1511 1281 1598 μόνοις]

117 1621 334 1706 Πειραιεῖσιν
354 1613 497 1702 νομιμδν
511 1615 602 1686 έστιν
616 1613 766 1686 είσιίναι.
795 1621 873 1684 Nihil
889 1621 976 1704 igitur
989 1639 1144 1702 superesse
1158 1619 1282 1695 ridetur,

117 1723 175 1786 nisi
194 1731 228 1786 ut
247 1729 409 1798 statuatur,
429 1724 561 1807 potuisse
582 1725 702 1808 quietem
723 1718 766 1788 τὰ
785 1719 860 1810 τέλη
880 1720 985 1787 τελεῖν
1003 1723 1092 1786 etiam
1113 1723 1150 1786 de
1166 1721 1283 1785 tributis

117 1812 228 1900 diuisi
244 1837 367 1910 propter
381 1827 551 1892 universum
567 1826 709 1890 orationis
728 1833 899 1888 contextum
916 1825 1007 1888 errari
1022 1825 1059 1887 de
1073 1825 1284 1906 significatione

117 1937 260 2010 nequeat,
281 1930 333 1992 sed
354 1931 479 1995 eandem
501 1929 679 1994 locutionem
701 1947 754 2012 per
773 1947 806 1990 se
829 1929 922 1990 solam
939 1946 999 1990 non
1014 1929 1150 2010 usurpari
1164 1927 1284 1990 solitam

118 2051 183 2095 esse
203 2032 261 2096 nisi
281 2033 318 2096 de
338 2033 438 2098 sacris.
469 2033 608 2094 Attamen
628 2049 666 2094 ne
685 2031 744 2094 hoc
758 2031 878 2113 quidem
894 2030 1020 2094 obtineri
1035 2031 1154 2114 poterit.
1168 2031 1221 2093 sed
1236 2047 1285 2093 re·

118 2134 263 2198 tutabitur
283 2135 422 2200 Dinarchi
441 2135 624 2200 auctoritate.
653 2134 681 2198 ls
702 2133 782 2198 enirn
798 2133 829 2196 iu
843 2133 977 2196 oratione
991 2143 1094 2196 contra
1109 2131 1286 2214 Aristogito·
1353 2139 1355 2144 '

118 2255 188 2300 nem
204 2259 234 2320 p.
250 2237 291 2302 86
306 2243 333 2316 5.
354 2239 402 2314 tt,
418 2247 559 2322 quattuor
572 2255 680 2321 genera
695 2235 862 2300 officiorum
877 2253 1066 2309 enumerans,
1081 2235 1241 2318 dequibus
1255 2235 1286 2298 in

120 2341 347 2422 magistratuum
376 2331 547 2424 δνακρίσει
572 2341 732 2405 examinari
755 2339 902 2404 candidati
922 2340 1070 2416 solebant,
1094 2339 1234 2424 deinceps
1252 2345 1287 2404 nt

118 2444 228 2508 horum
251 2447 333 2510 nuito
348 2445 577 2528 Aristogitonem
593 2445 783 2530 perfunctum
798 2464 865 2508 esse
880 2443 1081 2518 demonstret.
1101 2443 1225 2526 singulis
1239 2441 1285 2507 oi-

119 2547 254 2611 iiciorum
269 2549 425 2630 generibus
440 2547 553 2632 singula
566 2547 629 2611 eius
640 2547 747 2611 δεΙίεια
758 2547 863 2610 eodem
875 2547 978 2611 ordine
991 2547 1125 2630 opponit
1151 2545 1286 2610 Primum

119 2658 165 2712 est
185 2641 216 2714 εί
239 2647 351 2734 γονέας
372 2639 408 2714 εδ
431 2651 543 2728 ποιεῖς
564 2651 668 2727 immo,
683 2651 790 2734 inquit,
811 2641 965 2716 uinitori
987 2644 1104 2736 γονίας
1125 2635 1161 2712 εδ
1175 2649 1288 2712 ποιεῖν

120 2747 230 2828 κακῶς
257 2738 354 2830 οὗτος
379 2747 437 2818 τδν
463 2743 584 2817 ἑαυτοῦ
612 2747 745 2834 πατέρα
768 2753 961 2838 πεποίηκεν.
998 2755 1147 2818 Alterum:
1176 2744 1207 2816 τί
1227 2747 1288 2827 τὰς

120 2847 297 2940 στρατείας
323 2847 410 2941 διτέρ
439 2852 498 2942 τῆς
526 2849 658 2932 πόλεως
685 2847 921 2938 έστρδτευταις
953 2855 1076 2920 minime
1110 2873 1196 2920 reru:
1231 2847 1288 2921 ὅτε

122 2948 247 3038 δ’ίμεῖς
274 2951 529 3042 ἐστρατεύεσθε,
558 2945 654 3036 οὗτος
679 2945 718 3044 ἦν
743 2951 779 3021 έν
804 2959 855 3045 rofi
876 2951 1101 3045 δεσμωτηρίῳ.
1136 2957 1288 3023 Tertium:

122 3051 153 3124 εί
175 3052 248 3148 ίερδ
271 3063 418 3147 πατρῷα
438 3051 548 3140 ἔστινς
569 3079 607 3126 ne
626 3063 686 3126 hoo
705 3062 843 3144 quinem:
866 3058 1024 3127 τοσσίτον
1045 3055 1290 3128 δ’δπολέλοιπε

119 3166 180 3228 τοῦ
202 3161 331 3247 πατρὸς
351 3157 465 3250 μνῆμιί
485 3185 521 3227 τι
543 3153 639 3242 ἔχειν,
661 3151 740 3226 ὥστ’
762 3154 837 3228 τίδ’
858 3157 895 3228 ίν
913 3155 1059 3252 Ἐρετρίᾳ
1078 3162 1140 3231 τοῦ
1160 3160 1291 3250 πατρὸς
1427 3191 1430 3194 ·

125 3257 229 3330 oritoni
261 3261 514 3352 τελευτήσαντος
546 3257 615 3328 ίκεῖ
646 3260 690 3328 rei
717 3260 918 3349 νομιζόμενα
945 3261 1105 3348 ίιτσίησεν
1131 3261 1291 3355 nituisti

123 3369 270 3444 Quartum
293 3369 436 3453 denique:
460 3361 491 3432 εί
512 3363 554 3432 τδ
575 3361 653 3453 τέλη
675 3363 781 3446 τελεῖς
802 3369 895 3434 immo
910 3369 981 3435 huin
994 3389 1114 3454 quoqne
1129 3372 1227 3436 officio
1239 3371 1293 3435 δε·

122 3471 189 3544 suit,
211 3467 277 3535 τῶν
299 3463 438 3535 δ’δίλλων
451 3461 645 3556 Ἀθηναίων
660 3461 939 3558 είσφερδντων
952 3465 989 3537 δτι
1003 3475 1069 3538 τῶν
1083 3465 1181 3538 ίδίων
1195 3459 1294 3550 σι’-τος

124 3564 202 3638 οιίδδ
228 3569 293 3636 τῶν
319 3567 489 3660 δημοσίων
510 3567 569 3636 καί
590 3559 635 3636 ὧν
656 3559 750 3657 ὦφλε
770 3568 810 3636 τδ
832 3563 988 3660 α’ργίρισν
1008 3569 1102 3640 δ’ττσν
1123 3570 1294 3642 έκτίτιιιεν.

124 3677 314 3741 tianiiestum
336 3685 383 3740 est
401 3676 491 3758 igitur
512 3675 659 3740 Dinareho
678 3675 750 3739 iliud
769 3671 814 3740 τδ
833 3671 909 3764 τέλη
930 3675 1036 3742 τελεῖν
1053 3697 1116 3742 non
1135 3679 1172 3744 ad
1192 3680 1293 3745 neseio

125 3799 214 3864 quum
235 3799 389 3844 sacrorum
405 3777 606 3870 operationem
621 3779 769 3862 pertinere
783 3780 879 3844 risum
895 3801 974 3858 esse,
994 3783 1046 3846 εεδ
1062 3783 1099 3846 ad
1114 3783 1294 3848 tribmomna

123 3883 314 3968 pensionem,
334 3901 432 3966 neque
451 3881 580 3946 dubitari
601 3901 689 3964 posse
709 3901 814 3967 spero,
837 3883 909 3968 quin
930 3884 968 3948 de
987 3904 1056 3950 vera
1069 3886 1134 3950 eius
1147 3887 1294 3952 termulae

125 3987 339 4070 significatione
358 4005 476 4070 usuque
498 3985 639 4068 loquendi
653 3983 801 4051 Dinareho
821 3987 889 4073 plus
907 4005 999 4072 quana
1019 3988 1156 4072 uniquam
1173 4000 1297 4056 οοειτο·

125 4109 194 4156 rnna
215 4090 373 4156 hominurn
395 4089 576 4155 σεδειιδιιια
590 4089 639 4154 sit.
668 4089 755 4164 Quod
769 4089 796 4155 si
809 4089 851 4155 ita
864 4099 927 4167 εει,
946 4091 1037 4158 etiam
1051 4093 1089 4160 δε
1103 4094 1215 4160 Gratim
1227 4112 1297 4160 rer·

196 4351 239 4417 ιλ)
257 4349 380 4420 Ναςῖεειε
392 4353 460 4408 iusta
473 4349 590 4408 ῖιιεεΙιτῖε
601 4351 810 4408 amonentem
824 4349 859 4410 ιίι
873 4352 993 4426 amosi·
1005 4351 1068 4428 λιρᾶ
1079 4358 1221 4426 sustensi,
1235 4374 1299 4430 qsa-
1379 4397 1390 4416 .

132 4452 188 4492 ηι
200 4437 338 4510 ηιεεεῖριε
348 4455 410 4510 pars
420 4440 555 4496 εεεειειιι
565 4439 671 4495 aun·
681 4439 793 4496 uun
803 4439 876 4496 onita
885 4441 919 4496 ει
930 4442 1064 4513 νομιεῖτε
1075 4455 1219 4514 pamm

1080 4529 1144 4595 13·
