3182 4962
676 431 830 534 Q

262 625 312 692 Sic
324 625 404 690 enim
419 625 468 692 hio
482 626 565 690 locus
580 624 610 688 in
625 625 690 690 cod.
709 626 740 688 n.
755 623 883 710 scriptur
898 631 960 702 eat,
980 642 1074 706 quum
1089 623 1136 688 alii
1151 633 1190 688 at
1204 623 1255 710 pol
1270 623 1346 708 quin

171 728 316 807 labeone
337 730 500 813 eademque
519 729 643 794 varietur
663 739 711 794 ert
730 729 817 792 etiam
840 728 869 792 in
889 729 954 792 loeo
977 729 1135 804 liutto-ntia,
1155 729 1206 792 ulti
1226 727 1347 792 numeri

170 833 240 898 illud
260 835 385 898 alterum
401 834 499 898 venue
513 853 578 898 ease
594 833 773 897 ostendunt:
796 850 865 895 nam
880 851 934 918 per
947 852 980 896 ae
994 831 1114 914 quidem
1130 848 1191 900 non
1206 833 1342 897 deterius
1400 889 1415 897 -

167 937 258 1020 quin
282 937 374 1002 vitleri
395 959 482 1024 posse
504 959 541 1002 ex
563 938 614 1012 iia,
636 957 710 1022 quae
732 935 912 1010 medolici,
932 945 1064 1020 apparet
1094 935 1238 1001 Similiter
1251 935 1343 1000 etiam

169 1059 226 1124 pro
255 1041 360 1124 atqui
383 1061 444 1108 non
470 1061 538 1108 raro
559 1043 688 1126 atquin
710 1042 741 1106 in
763 1038 846 1106 tiorta
866 1049 967 1104 extare
986 1039 1136 1115 videmur,
1163 1041 1243 1106 velut
1261 1041 1343 1126 aputl

177 1144 313 1209 l‘lautum
326 1146 402 1210 llud.
420 1146 478 1222 lll.‚
494 1148 523 1221 4,
540 1148 597 1210 55:
909 1131 910 1135 ¹

270 1247 384 1331 ioquin,
400 1249 468 1331 quia
484 1249 578 1321 rotie.
593 1257 751 1333 utramque
767 1247 825 1312 iim
843 1265 960 1312 mecum
976 1245 1119 1311 atatuctm
1134 1247 1240 1312 aemul.

175 1348 227 1414 ubi
246 1367 308 1413 non
327 1351 458 1432 intelligo
474 1351 545 1434 quil
560 1351 693 1426 intersit,
716 1361 817 1416 utrum
833 1349 952 1432 atqui,
967 1367 1035 1413 oum
1052 1350 1236 1423 ortamno,
1256 1367 1293 1415 an
1307 1357 1346 1413 at

171 1452 263 1534 quin
286 1453 472 1530 elisionum,
493 1473 560 1519 cum
582 1453 712 1528 llaodio,
732 1453 889 1518 l'uroellio.
908 1454 935 1514 l.
955 1471 985 1534 p.
1001 1452 1081 1527 ΜΒ,
1099 1462 1129 1516 et
1142 1451 1345 1516 Fleckeiaeuio

176 1555 337 1620 scribatur:
359 1573 427 1620 nam
448 1557 528 1640 quod
552 1575 657 1620 sennua
679 1555 839 1622 discrimen
855 1555 987 1619 llanrliur
1006 1573 1073 1619 eoae
1092 1563 1245 1631 autumat,
1268 1555 1343 1619 milri

176 1658 295 1742 quidem
313 1661 428 1724 nullum
442 1680 509 1724 ease
525 1659 650 1726 violetur.

261 1764 424 1828 Obscurior
442 1773 489 1828 eat
508 1763 681 1847 significatio
702 1763 861 1846 particulae
881 1763 942 1847 qui
963 1763 995 1827 in
1016 1761 1124 1826 murali
1138 1761 1344 1826 enuntiatione

174 1875 244 1952 poet
259 1868 398 1953 quippe
413 1867 538 1944 additae,
552 1866 589 1930 ool
604 1869 662 1933 hoc
675 1865 856 1952 exemplum,
872 1867 952 1950 quod
966 1875 1048 1931 extat
1062 1865 1094 1930 in
1107 1865 1202 1930 nuuc
1212 1865 1280 1930 Aul.
1294 1864 1345 1943 ll..

175 1971 207 2048 ὖ,
223 1969 282 2034 22:

273 2073 381 2140 horitm
398 2075 450 2139 tibi
466 2075 532 2138 istie
545 2073 619 2138 nillil
634 2073 758 2148 eveniet,
774 2073 884 2158 quippe
898 2073 950 2156 qui

275 2179 326 2242 ubi
342 2179 412 2262 quitl
427 2177 575 2263 subripias
589 2177 663 2240 nihil
677 2185 726 2241 est

178 2282 264 2350 cuiue
278 2282 386 2348 cimilia
399 2289 471 2347 aunt
484 2281 561 2346 lturl.
577 2281 624 2356 ll..
641 2279 671 2354 3,
686 2277 743 2342 ot:

600 2401 688 2466 itiam
704 2399 756 2484 qui
772 2399 796 2464 it
811 2398 940 2464 lavitum

275 2509 306 2575 in
321 2509 450 2573 balineae
465 2527 557 2592 quom
573 2506 612 2572 ibi
627 2505 731 2571 riuulo
748 2523 802 2568 oua
818 2505 994 2569 vestimenta
1008 2513 1116 2581 nervat,

278 2623 380 2678 temen
394 2611 625 2696 aitbrupiuntur:
642 2609 751 2694 quippe
767 2609 817 2692 qui
833 2628 922 2692 quem
937 2609 1056 2674 illorum
1072 2607 1210 2674 observat
1229 2607 1348 2672 ialsurt.

181 2741 302 2806 Trucul.
318 2741 351 2816 l.‚
370 2741 398 2816 l,
414 2739 471 2804 49:

281 2861 323 2924 lia
339 2861 459 2925 nimiast
472 2861 563 2925 ratio:
579 2860 689 2945 quippe
704 2860 756 2942 qui
770 2861 852 2923 certo
865 2858 927 2924 acio

278 2965 367 3046 triplo
383 2965 422 3028 lbi
438 2965 503 3047 plus
517 2969 686 3028 scortorum
701 2963 839 3028 iscelam
856 2981 946 3046 quam
961 2961 1138 3046 pendentm.

184 3066 305 3131 Terent.
321 3067 425 3131 lleaut.
438 3067 499 3143 lll.‚
515 3067 545 3142 2,
560 3067 616 3130 at:

280 3186 344 3250 Eho
361 3189 472 3270 quaiso
487 3187 589 3252 laudas
603 3187 654 3270 qul
670 3206 738 3251 eros
752 3183 914 3251 l'alluntize
931 3187 961 3250 in
976 3185 1043 3250 loco

281 3310 335 3372 ego
350 3291 418 3354 viro
434 3290 531 3355 leudo.
542 3308 566 3354 :t
581 3291 661 3356 recte
676 3309 757 3355 eane.
768 3309 793 3353 τε
810 3291 920 3375 quippe
936 3289 987 3372 qui

281 3393 455 3474 magellum
471 3415 558 3477 saepe
573 3395 601 3458 iol
617 3393 781 3458 remelium
797 3392 1055 3475 aegritudinumst.

265 3511 485 3578 Fleckeiseniuo
504 3513 624 3597 quidem
646 3513 734 3578 etiam
757 3514 787 3577 in
807 3512 855 3576 lois
870 3513 928 3576 tim
944 3513 1106 3596 particulae
1121 3531 1204 3580 mere
1218 3516 1350 3580 allirma·

180 3614 268 3680 tivam
284 3627 481 3694 maceraret,
501 3635 598 3699 neque
613 3617 641 3681 tu
658 3617 728 3680 milri
744 3615 930 3691 incredibile,
951 3617 1178 3700 haudquaquam
1195 3628 1295 3682 tamen
1309 3617 1351 3682 ita

180 3725 295 3785 certum
316 3739 383 3783 esee
398 3721 527 3794 videtur,
547 3728 581 3784 ut
596 3739 657 3784 non
672 3719 726 3784 alia
742 3739 860 3803 quoquo
874 3719 1087 3807 interpretandi
1103 3721 1148 3786 via
1163 3722 1231 3786 iniri
1245 3721 1350 3806 poeait-

11 3835 12 3842 ’
130 3815 132 3820 ’
182 3823 241 3886 Sed
256 3823 396 3906 quoniam
412 3843 461 3888 roa
476 3825 639 3906 longiorem
652 3822 816 3887 orationem
828 3823 969 3906 postulat,
984 3843 1065 3890 nunc
1076 3825 1198 3910 quidem
1210 3825 1240 3890 in
1252 3827 1351 3892 medio

119 3971 121 3974 .
181 3943 247 3988 mm
271 3925 452 4009 relinquam,
480 3933 513 3990 ut
532 3925 569 3990 ad
589 3925 717 4007 reliquae
737 3925 896 4008 particulae
915 3947 986 4011 que
1006 3939 1146 4012 cognatae
1166 3939 1351 4016 praevertat:

181 4028 270 4094 cerlo
285 4031 386 4108 (lello)
401 4049 488 4095 eece
503 4027 607 4107 (elle
621 4028 680 4093 ital.
696 4033 795 4109 ecco)
810 4049 860 4094 eo.

267 4133 380 4211 Cedo,
396 4153 453 4216 qua
468 4153 538 4198 voce
552 4133 647 4198 utitur
661 4133 712 4216 qui
726 4132 854 4198 alterum
864 4131 976 4216 aliquid
987 4153 1164 4220 expromere
1174 4143 1206 4202 et
1217 4137 1353 4222 prolerre
1471 4165 1479 4178 ·

183 4233 278 4312 iubet,
307 4255 368 4302 non
395 4237 505 4302 mirum
532 4247 580 4302 ert
599 4244 763 4323 propterea,
774 4255 836 4301 non
854 4237 945 4301 morlo
967 4239 1182 4305 recentioribus
1203 4240 1355 4325 plerisque

183 4339 235 4405 red
260 4339 331 4424 iprir
357 4341 447 4406 etiam
472 4340 621 4406 veteribus
646 4339 855 4426 imperativum
874 4340 971 4406 vnum
990 4363 1056 4408 eoae
1077 4345 1248 4410 anomalum
1268 4344 1354 4410 verbi

183 4445 306 4512 alicttiur
320 4445 456 4524 inauditi,
476 4465 536 4530 quo
550 4463 651 4512 errore
664 4446 778 4512 udum
791 4453 849 4522 eet,
864 4455 899 4512 ut
912 4445 1001 4512 etiam
1016 4448 1139 4534 pluralia
1151 4449 1355 4518 nemaeum
1463 4503 1464 4506 ,
1577 4458 1578 4473 ³
