3266 4958
638 443 791 548 Δ.

134 634 284 708 rentibus,
315 637 352 700 ad
383 654 460 720 quos
491 637 646 722 imperitae
676 633 874 702 multitudinis
899 634 1044 718 suffragiis
1069 634 1190 718 delegati
1218 642 1300 707 sunt,

134 738 318 823 ineptissima
340 751 370 806 et
384 761 472 825 saepo
487 742 575 806 etiam
590 742 756 828 peruiciosa
771 739 814 805 rei
829 739 960 824 publicae
975 739 1096 804 consilia
1110 759 1179 804 cum
1195 737 1301 824 insigni

65 843 70 852 ’
134 843 310 908 confidentia
335 845 533 920 venditantes,
560 835 600 910 od
625 837 836 920 πολιτικούς,
861 853 896 908 ut
922 863 1025 908 rursus
1050 845 1180 908 Platonis
1204 845 1301 910 rerbis

17 1001 19 1006 .
134 958 213 1024 utar,
241 937 327 1011 ἀλλὰ
353 942 624 1025 στασιαστικοῦς,
661 940 837 1032 μεγίστους
862 941 922 1029 μὲν
950 938 1049 1025 ὄντας
1073 945 1220 1034 μιμητὰς
1243 943 1302 1014 καὶ

135 1045 270 1138 γόητας,
295 1053 469 1136 μεγίστους
496 1047 534 1118 de’
560 1049 626 1117 τῶν
653 1047 823 1138 σοφιστῶν
851 1045 1027 1137 σοφιστάς.
1057 1053 1189 1118 Alterum
1209 1073 1301 1137 genus

135 1174 240 1220 eorum
261 1164 324 1232 est,
344 1156 396 1242 qui
411 1175 444 1220 re
458 1175 558 1222 rorum
574 1175 636 1222 non
650 1157 848 1222 humanarum
864 1155 916 1220 sed
931 1156 1094 1221 dirinarum
1112 1158 1222 1242 peritos
1237 1179 1302 1222 esse

135 1253 260 1335 iactant,
289 1249 322 1324 ei
352 1255 431 1344 περὶ
451 1253 626 1347 μαντικήν,
654 1261 827 1344 iuquit²³),
855 1251 983 1341 ἔχοντές
1004 1281 1094 1338 τινος
1115 1255 1304 1348 ἐπιστήμης

139 1355 297 1428 διακόνου
325 1355 461 1446 μόριον,
489 1373 519 1427 et
546 1365 644 1448 paullo
667 1360 795 1450 posted
817 1356 1013 1448 conlapsos
1035 1360 1138 1450 γένος.
1168 1365 1303 1450 b'amque

138 1463 179 1532 τό
200 1467 267 1530 τῶν
288 1457 403 1550 ἱερέων
424 1467 536 1551 σχῆμα
557 1463 614 1532 καὶ
637 1463 677 1533 τὸ
697 1465 763 1532 τῶν
776 1462 923 1550 μάντεων
938 1455 974 1532 ed
988 1462 1077 1552 μάλα
1091 1465 1303 1558 φρονήματος

139 1567 341 1656 πληροῦται,
369 1567 427 1635 καὶ
454 1564 555 1648 δόξαν
582 1569 702 1657 σεμνὴν
728 1565 892 1654 λαμβάνει
919 1568 978 1638 daei
1005 1568 1044 1638 ad
1072 1567 1217 1656 μέγεθος
1237 1576 1304 1638 τῶν

138 1667 416 1760 ἐπιχειρημάτων.
452 1673 599 1740 Nimirum
626 1677 656 1738 in
677 1676 751 1739 benc
772 1677 933 1740 constituta
954 1677 1069 1741 civitate
1089 1679 1178 1741 etiarn
1200 1697 1303 1743 rerum

139 1778 304 1842 divinarum
322 1778 561 1861 procurationem
581 1799 646 1842 earn
667 1781 789 1844 demum
810 1779 919 1844 bonam
934 1800 999 1844 esse
1014 1781 1205 1863 intelligebat,
1228 1801 1304 1865 quae

140 1881 221 1944 bono
236 1881 353 1964 publico
369 1882 530 1954 inserviret,
547 1899 643 1964 neque
658 1883 804 1946 diversam
820 1904 886 1946 esse
900 1901 1054 1947 sacrorum
1068 1893 1099 1946 ot
1113 1885 1156 1948 rei
1171 1885 1305 1967 publicae

139 2003 269 2058 eausam,
284 1985 336 2048 sed
351 2003 445 2068 quum
461 1985 549 2048 leuius
564 1985 589 2048 is
604 1985 669 2048 linis
683 1995 764 2049 esset
777 2005 873 2068 eorpus
885 1987 984 2049 ornnia
996 1987 1130 2050 instituta
1141 1989 1306 2061 tonderent,

139 2095 174 2150 ut
193 2088 270 2152 eires
285 2087 357 2151 boui
371 2087 508 2170 beatique
522 2087 638 2162 lorent,
659 2087 769 2152 borum
785 2088 990 2152 institutorum
1005 2107 1039 2152 ea
1054 2107 1128 2170 quae
1143 2089 1178 2152 ad
1193 2091 1306 2154 cultum

140 2191 262 2254 deorum
287 2189 485 2272 pertinerent,
509 2207 599 2254 uuam
620 2199 737 2254 tanturn
759 2199 890 2272 partem,
916 2191 1051 2272 quamvis
1072 2209 1224 2274 magnam,
1246 2209 1307 2255 non

140 2301 240 2356 tamen
255 2293 344 2356 talem
359 2312 434 2366 esse,
450 2301 484 2356 ut
498 2293 617 2363 ceteris,¹
630 2311 705 2374 quae
720 2298 750 2355 et
765 2293 829 2374 ipsa
840 2291 962 2356 dirersis
973 2295 1071 2356 modis
1082 2293 1119 2357 ad
1130 2295 1308 2357 excolendos

140 2395 247 2459 civium
256 2395 382 2468 animos,
395 2395 567 2459 formandos
580 2413 690 2468 merres,
702 2394 885 2478 disciplinam
898 2413 1001 2458 sanam
1011 2397 1194 2479 probamque
1203 2415 1308 2460 scren-

140 2497 207 2561 darn
234 2498 525 2580 conservandamque
545 2499 678 2562 instituta
699 2507 813 2571 esseut,
839 2498 1045 2562 anteferretur.
1081 2500 1139 2563 Sed
1160 2499 1230 2563 olim
1250 2501 1308 2563 boc

141 2601 262 2664 insitum
289 2601 383 2664 luisse
405 2601 523 2664 ridetur
543 2620 663 2676 eorum,
690 2601 742 2684 ‹pui
762 2623 795 2665 se
815 2603 905 2666 divini
926 2601 1058 2665 numinis
1078 2603 1199 2666 nuntios
1218 2613 1307 2684 atquc

140 2703 315 2787 interpretes
331 2705 433 2768 baberi
449 2705 570 2778 rellent,
586 2706 702 2780 animis,
718 2715 753 2769 ut
767 2726 832 2769 sese
848 2705 952 2768 celeris
968 2705 1108 2788 praeferri
1121 2715 1265 2789 cupierant
1278 2712 1308 2769 ot

141 2807 331 2888 praecipuum
355 2807 502 2889 quendam
523 2807 674 2889 dignitatis
695 2811 793 2873 locunt
814 2810 845 2873 in
860 2809 978 2872 civitate
992 2813 1179 2888 all'ectarent;
1200 2829 1308 2892 quarn·

141 2929 247 2990 apuam,
270 2919 303 2973 ut
325 2911 447 2972 historia
468 2908 570 2984 docet,
591 2909 670 2972 baud
690 2929 798 2993 rrragno
814 2911 844 2974 in
859 2912 979 2974 Graecia
993 2931 1148 2988 successu,
1167 2914 1252 2976 cuius
1266 2913 1309 2976 rei

140 3030 244 3076 causas
266 3031 442 3094 cognoscere
462 3029 523 3074 non
543 3012 659 3076 dillreile
678 3015 794 3092 estu).
825 3013 928 3078 blelius
948 3033 996 3077 res
1016 3016 1094 3097 aprud
1113 3017 1187 3079 alios
1202 3025 1233 3078 et
1246 3017 1310 3080 aliis

141 3115 326 3197 temporibus
342 3115 495 3189 successit,
511 3115 589 3178 uude
604 3125 750 3197 quantum
762 3136 851 3198 saepe
862 3116 979 3200 populis
992 3119 1149 3194 malorum,
1164 3129 1310 3202 quantum

142 3217 356 3282 discordiarum
372 3217 587 3300 turbarumque
602 3219 741 3292 cirillum,
757 3227 903 3300 quantum
918 3217 1008 3284 rebus
1023 3219 1146 3302 publicis
1160 3222 1261 3286 damni
1275 3240 1312 3285 ex

142 3321 306 3404 arrogantia
318 3321 508 3386 sacerdotum
519 3330 551 3384 et
561 3321 734 3386 dominandi
745 3321 905 3403 cupiditate
915 3333 1038 3388 enatum
1051 3325 1090 3388 sit
1101 3344 1191 3390 nemo
1202 3327 1311 3391 nescit:

142 3441 219 3504 quae
237 3423 262 3485 si
276 3423 361 3486 Plato
387 3423 522 3497 vidisset,
544 3423 569 3486 si
590 3423 726 3504 cognitos
747 3425 896 3490 habuisset
909 3429 1096 3511 ‚sacerdotes
1116 3430 1168 3513 qui
1188 3429 1266 3494 eires
1280 3449 1313 3494 se

143 3543 214 3588 suae
228 3523 351 3588 civitatis
366 3525 538 3607 legibusque
553 3525 685 3589 civilibus
696 3527 845 3592 subiectos
856 3549 921 3593 esse
934 3541 1114 3607 recusarent,
1130 3551 1200 3597 cum
1211 3532 1313 3596 alienis

143 3627 235 3692 ottus
250 3645 338 3709 quam
354 3646 423 3692 cum
438 3627 501 3691 suis
516 3628 702 3705 coniunctos,
718 3630 853 3714 adeoque
868 3633 1000 3696 extranei
1010 3635 1171 3698 sacerdotis
1182 3635 1273 3699 simul
1283 3643 1315 3698 et

143 3732 219 3814 regis
233 3731 375 3814 primatui
387 3729 535 3794 subiectos
550 3729 673 3814 eiusque
687 3749 815 3797 canones
830 3741 861 3798 el
872 3735 988 3800 decreta
998 3737 1130 3801 sanctius
1140 3757 1230 3820 apuam
1241 3737 1314 3803 ciri·

144 3835 213 3900 tatis
229 3854 300 3898 suae
315 3833 393 3917 leges
407 3833 514 3917 suique
528 3833 604 3917 regis
615 3835 799 3900 maiestatem
811 3837 967 3904 observare
978 3851 1106 3922 paratos,
1121 3861 1212 3924 quam
1223 3843 1313 3906 rebe·

145 3947 263 4003 menter
277 3954 427 4022 quamque
442 3935 547 4000 acerbe
561 3952 631 4001 eum
646 3947 698 4002 aut
711 3939 855 4022 populos,
869 3941 937 4006 talia
951 3963 1065 4025 passos,
1079 3953 1132 4009 aut
1145 3945 1314 4011 sacerdotes
1399 4019 1404 4028 ,
1490 3977 1499 3990 -

145 4042 264 4126 pietatis
278 4041 376 4125 specie
391 4039 499 4122 impios
513 4039 738 4124 obiurgaturum
753 4043 847 4108 luisse
861 4044 1026 4130 putamus?

232 4144 290 4210 Sed
304 4143 376 4208 sada
391 4143 428 4208 de
442 4141 580 4207 Platone:
599 4143 658 4209 iam
672 4145 711 4210 ad
724 4145 914 4212 dristotdem
928 4167 984 4214 uos
998 4149 1316 4228 macerrimum'cuius
1359 4153 1364 4161 '

148 4297 350 4314 m

216 4381 261 4535 {dd
272 4381 514 4538 {diffidimus
526 4466 552 4522 u
563 4467 701 4540 htlgaitt.
712 4485 752 4539 gr.
763 4479 825 4526 teu.
836 4471 857 4527 ll
868 4487 893 4544 p.
905 4471 956 4528 dul
967 4491 1006 4546 og.
1016 4471 1079 4543 [att
1090 4475 1130 4530 ec
1144 4475 1179 4544 21
