3166 4962
652 427 804 532 r—rtt-

145 613 370 681 clamationibus
390 635 496 682 eornm
517 625 548 682 et
562 619 701 684 conviciis
717 621 800 704 quasi
815 619 932 684 scenico
947 621 1064 685 cuidam
1080 619 1152 685 ludo
1167 617 1250 684 aride
1264 619 1315 684 in·

147 727 280 795 butum,
301 726 331 784 et
350 739 478 804 quorum
501 741 571 785 voce
590 733 734 807 gestuque
754 743 841 788 aures
861 734 891 787 et
905 725 983 789 oculi
998 725 1127 788 maxime
1142 725 1314 806 implentur,

147 820 193 884 bis
208 825 335 906 palmam
351 823 490 888 sotadeo
505 843 648 890 coronam
664 827 815 910 impertire
829 837 975 910 paratum.
1006 828 1065 890 Sed
1081 827 1129 890 alii
1145 837 1215 888 sunt
1229 824 1314 908 quasi

147 926 242 1008 gregis
267 926 399 1009 magistri
424 937 454 990 et
478 927 659 1002 archimimi,
686 930 851 993 minoribns
871 929 936 992 istis
955 931 1105 993 actoribus
1123 947 1192 992 suas
1206 930 1314 1011 eoique

147 1037 246 1110 partes
260 1029 475 1112 dispensantes,
496 1029 551 1094 sibi
566 1041 666 1094 autem
682 1033 793 1096 maiora
810 1031 938 1113 praemia
953 1041 1087 1120 petentes
1100 1049 1314 1113 summumque

147 1129 231 1196 inre
252 1133 368 1214 publica
387 1133 487 1196 locum
508 1137 691 1198 attentantes:
717 1134 787 1198 boni
809 1135 934 1197 tortasse
955 1133 1007 1196 siri
1027 1143 1058 1196 et
1072 1135 1102 1196 in
1116 1153 1173 1196 suo
1187 1133 1314 1216 quisque
1433 1166 1437 1172 ·

148 1253 254 1316 genere
280 1237 351 1302 satis
376 1237 525 1314 sollertes,
552 1239 603 1302 sed
626 1239 737 1323 politici
760 1247 859 1302 tanuen
881 1235 1001 1320 pessimi
1023 1255 1079 1302 nec
1097 1255 1197 1301 rerum
1214 1245 1316 1300 usust

147 1345 293 1404 uetustate
307 1341 343 1406 ad
358 1342 515 1426 regendam
531 1342 687 1408 salubriter
701 1342 848 1408 civitatum
865 1341 973 1406 idonei.
1001 1341 1104 1426 lleque
1118 1339 1197 1405 enim
1211 1341 1314 1406 multi·

149 1443 258 1510 tudinis
276 1447 411 1528 sulbagia
427 1447 577 1512 benevim
593 1448 717 1524 babent,
738 1457 773 1512 ut
787 1457 838 1511 aut
853 1466 888 1510 es
904 1446 1019 1510 medico
1035 1455 1087 1511 aut
1101 1445 1249 1510 causidico
1264 1455 1316 1510 aut

147 1549 244 1614 iudice
264 1550 396 1634 pedaneo
415 1561 466 1615 aut
486 1551 654 1634 municipali
676 1551 835 1616 decurione
855 1549 987 1632 adeoque
1007 1559 1144 1634 praetore
1158 1551 1257 1633 aliquo
1271 1549 1316 1613 sir

148 1651 284 1736 politicus
302 1653 401 1718 subito
421 1655 539 1732 eradat,
561 1655 611 1738 qui
633 1665 749 1738 praeter
769 1665 864 1718 artem
886 1659 1102 1736 quaestumque
1117 1673 1205 1717 suum
1220 1652 1316 1716 obiter

148 1755 236 1820 etiam
255 1757 441 1839 gravissimas
460 1758 502 1822 rei
518 1759 651 1842 publicae
666 1777 770 1822 causas
785 1758 958 1822 auctoritate
972 1765 1000 1819 et
1016 1757 1139 1821 consilio
1155 1757 1317 1839 prudenter

148 1859 295 1924 moderari
310 1861 412 1946 possit.
442 1862 557 1937 Quodsi
571 1863 629 1926 boc
644 1861 730 1924 nobis
746 1861 839 1924 iatum
856 1859 1032 1942 impendeat,
1048 1870 1082 1924 ut
1096 1879 1246 1924 summam
1260 1858 1315 1923 ali·

149 1963 267 2044 quando
288 1973 465 2046 potestatem
485 1965 505 2028 ii
520 1965 662 2036 habeant,
684 1982 759 2046 quos
774 1983 894 2047 spucqoe
909 1973 1043 2045 tempore
1058 1963 1254 2026 multitudinis
1269 1970 1316 2025 te-
1387 1999 1389 2002 -

148 2066 268 2130 meritas
293 2075 323 2130 et
349 2085 454 2132 meede
476 2069 605 2150 impetus
625 2067 804 2153 provexerit,
830 2067 898 2147 quis
912 2077 1035 2129 eventus
1051 2067 1170 2128 iuturus
1184 2065 1224 2128 sit
1237 2063 1316 2128 baud

148 2168 266 2232 difficile
280 2177 325 2232 est
338 2171 491 2252 admirari:
505 2189 614 2252 nempe
629 2171 663 2244 is.
679 2181 714 2232 ut
727 2169 808 2233 nauis
820 2169 862 2232 rei
874 2169 1006 2250 publicae
1018 2169 1099 2232 nulle
1110 2177 1191 2230 certo
1202 2175 1233 2230 et
1243 2185 1317 2231 con·

150 2272 240 2335 stanti
261 2291 364 2347 cumn,
387 2283 478 2356 prout
497 2293 616 2356 quoque
631 2273 758 2336 triennio
772 2271 986 2354 gubernatores
1001 2273 1068 2354 plus
1087 2272 1186 2333 minus
1201 2271 1317 2352 ineptos

148 2374 268 2449 babeat,
295 2375 355 2440 huc
379 2377 449 2440 illuc
473 2377 576 2440 iactata
602 2376 723 2439 tandem
749 2383 800 2437 aut
827 2373 951 2438 internis
973 2373 1058 2436 malis
1078 2383 1168 2456 atque
1188 2373 1316 2436 discidiis

149 2477 242 2543 inacta
263 2487 316 2544 aut
336 2479 493 2544 bostilibus
513 2480 644 2562 scopulis
663 2478 737 2542 illisa
756 2487 866 2560 pereat
901 2477 960 2540 Sed
981 2494 1043 2540 non
1065 2477 1123 2540 boe
1142 2485 1317 2540 euenturum

149 2591 211 2656 est,
237 2591 378 2648 nonest:
404 2583 538 2666 adeoque
561 2600 598 2646 nc
618 2581 662 2645 ias
683 2581 802 2662 quidem
823 2581 881 2644 luit
901 2587 961 2644 mm
983 2579 1101 2644 inlausd
1116 2579 1229 2661 augurii
1243 2595 1318 2644 eon·

150 2687 291 2751 lecturam
312 2704 493 2772 proponere.
512 2687 564 2750 sod
586 2685 662 2750 bona
678 2685 778 2768 potius
793 2693 860 2748 rote
876 2684 1030 2768 concipere
1046 2693 1214 2780 certamque
1228 2691 1317 2747 sote·
1449 2766 1453 2772 Ι

147 2808 214 2856 rum
234 2809 319 2874 spem
342 2809 377 2854 ac
398 2789 534 2854 fiduciam
556 2789 705 2874 protiteri,
727 2788 815 2871 lleqis
836 2788 931 2852 nostri
950 2787 1057 2851 uirtute
1077 2787 1235 2868 animoque
1249 2804 1317 2850 rere

147 2893 230 2976 regio
246 2895 366 2957 iretum.
396 2889 470 2958 llum
487 2893 621 2977 proiecto
636 2911 704 2956 eum
721 2893 832 2975 liegem
848 2893 1000 2967 babemus,
1016 2891 1067 2974 qui
1079 2891 1173 2972 regale
1185 2891 1317 2956 oiticium

148 2998 207 3062 boc
220 3017 284 3060 osse
300 2997 450 3080 intelligat,
466 3015 527 3062 non
541 3007 575 3060 ut
589 2996 787 3061 multitudinis
801 2994 954 3079 cupiditati
968 2995 1020 3060 scd
1035 3001 1069 3060 ut
1082 2995 1169 3059 saluti
1181 2995 1318 3059 omniurn

77 3119 80 3124 ·
150 3101 294 3173 consulat,
309 3108 339 3164 et
355 3101 406 3184 qni
421 3101 457 3166 ad
473 3099 687 3166 retundendam
703 3101 895 3164 factiosorum
908 3100 1124 3164 contumaciam
1136 3117 1233 3182 neque
1244 3116 1319 3162 con·

150 3203 216 3268 silio
238 3221 294 3268 nec
313 3205 420 3270 robore
440 3223 475 3270 ac
494 3204 605 3269 viribus
619 3205 808 3270 destituatur.
837 3205 939 3268 Talem
954 3203 1040 3267 nobis
1055 3203 1165 3285 Regem
1180 3203 1320 3284 obtigisse

151 3309 403 3390 quemadmodum
430 3309 512 3372 nullo
537 3327 599 3372 non
624 3319 759 3391 tempore
779 3309 810 3372 in
830 3307 966 3372 maximis
987 3307 1100 3370 divinae
1119 3305 1319 3392 providentiae

150 3411 300 3476 benebciis
314 3429 517 3485 numeramus,
533 3411 576 3475 sic
590 3433 626 3474 eo
642 3412 815 3494 praesertim
831 3411 888 3484 die,
903 3409 954 3492 qui
968 3409 1032 3474 eine
1047 3411 1118 3474 olim
1134 3409 1239 3474 natalis
1252 3409 1320 3486 init,

151 3513 321 3578 laetandum
337 3515 423 3578 nobis
438 3525 469 3578 et
482 3513 688 3594 gratulandum
704 3523 758 3577 est.

237 3617 328 3697 igitur
342 3615 499 3680 indicimus
513 3616 625 3680 nnuts
640 3615 904 3680 dVGl'S'llSSlbll
919 3615 1010 3699 patris
1024 3614 1134 3698 patriae
1149 3615 1320 3680 bonifontis

151 3719 314 3784 constantis
330 3737 413 3783 sacra
428 3719 560 3784 natalicia
575 3719 622 3784 die
637 3721 767 3784 crastino
781 3718 847 3784 bor.
864 3719 916 3783 xli
931 3720 962 3782 in
975 3718 1123 3782 auditorio
1138 3719 1268 3782 maximo
1281 3719 1320 3784 ab
1442 3801 1448 3808 Ι
1563 3715 1564 3746 ¹

152 3821 342 3888 universitate
356 3833 460 3886 nostru
474 3821 522 3905 pie
536 3823 719 3898 celebranda,
739 3841 903 3904 omnesque
917 3823 968 3906 qui
982 3821 1072 3886 rebus
1086 3823 1197 3885 nostris
1211 3821 1321 3898 issent,

152 3925 343 4009 magistratus
364 3925 462 4008 repes
482 3925 655 4002 sturbium,
679 3925 776 3991 civiles
791 3935 821 3990 et
835 3925 987 4000 militares,
1003 3942 1169 4007 omnaque
1183 3925 1320 3992 omniunt

153 4027 291 4094 ordinum
307 4026 489 4112 dematque
503 4027 635 4110 hospites
649 4027 793 4094 uteoetui
808 4037 911 4093 nostro
926 4027 1097 4112 trequentes
1110 4027 1215 4092 adesse
1228 4029 1322 4094 redint
1359 4009 1368 4022 ⁹

153 4148 213 4216 qua
226 4131 312 4197 deest
325 4131 511 4197 observantia
525 4139 555 4194 et
568 4131 731 4196 reverentia
745 4131 915 4196 invitamus.

238 4235 387 4302 Debemus
402 4233 648 4319 Grypbisstddise
662 4229 692 4299 d.
709 4233 786 4299 xxt.
802 4253 843 4300 m.
858 4233 943 4300 llsrt
958 4250 1028 4332 snn.
1042 4231 1253 4302 tinemut.
