3182 4962
695 462 849 562 ...333-

190 669 264 716 uum
284 650 435 716 fabricam.
479 651 539 717 Nec
556 651 696 716 dissimile
711 651 772 714 reri
791 659 837 714 cst
854 651 883 714 nt
904 651 982 733 quoti
998 652 1056 714 iem
1071 670 1162 734 supra
1176 651 1353 732 significeti-

191 773 268 830 mus‚
285 755 414 839 primum
427 755 598 829 Hesiodum,
614 763 666 818 eut
679 773 886 836 quemcunque
898 754 1069 836 theogoniae
1084 754 1267 835 compositor
1278 773 1352 818 cue·

190 869 286 924 terem
303 859 414 934 habuit,
435 858 510 922 hanc
530 857 670 922 lubricam
686 858 860 942 Cyclopibus
880 858 1052 938 assignasse,
1074 857 1184 939 quippe
1198 857 1278 939 quoti
1294 858 1354 922 lucc

189 964 311 1028 nomine
326 963 439 1046 primos
455 963 553 1026 labeus
572 963 665 1027 luisse
686 972 846 1045 acceperut.
890 963 1014 1024 Coumm
1036 960 1175 1034 nominis,
1196 961 1252 1043 ipsi
1272 959 1353 1024 haud

190 1067 279 1130 dubie
295 1067 521 1148 incompertum,
546 1085 602 1129 cuo
622 1065 712 1129 modo
733 1065 957 1148 interpretetur:
984 1081 1094 1126 munus
1107 1069 1218 1136 sutem.
1244 1073 1278 1127 ut
1291 1062 1354 1126 iul·

191 1171 271 1234 mins
284 1171 350 1234 lori
364 1169 516 1236 isbriceut.
543 1169 602 1234 iem
616 1169 728 1242 stetim,
754 1168 805 1232 uti
825 1168 862 1231 de
884 1175 953 1230 ortu
972 1184 1076 1229 eorum
1093 1167 1192 1239 relert,
1219 1165 1287 1230 iicet
1301 1166 1353 1230 iilo

127 1316 141 1340 .
191 1281 326 1356 mmpore
345 1275 444 1338 nullus
464 1273 561 1339 uihuc
579 1273 695 1356 iupiter
713 1281 802 1346 esset,
821 1271 877 1336 sibi
897 1269 1192 1336 commemorantium
1212 1289 1278 1333 esse
1294 1289 1354 1354 pu·

115 1447 117 1452 ,
191 1377 278 1450 terit.
302 1387 458 1464 propterea
477 1377 602 1454 scilicet,
624 1375 704 1460 quoti
723 1394 787 1440 reru
808 1384 860 1440 eut
880 1375 951 1440 uuili
971 1386 1021 1442 rut
1042 1376 1143 1462 prucis
1162 1382 1266 1440 uotam
1284 1395 1353 1441 esse

191 1481 290 1547 sciret.

278 1586 337 1650 Sed
359 1587 535 1652 innomine
556 1587 731 1672 Cyelopum.
755 1585 826 1668 quiri
854 1585 971 1668 proprie
991 1585 1134 1666 significet
1154 1593 1184 1648 et
1203 1603 1293 1667 quern
1314 1585 1354 1649 olo

192 1710 310 1756 musam
333 1691 403 1755 linio
422 1692 579 1775 Gigantum
606 1691 704 1772 generi
725 1689 851 1752 inclitum
872 1689 924 1761 sit,
952 1689 1129 1775 perobscura
1152 1689 1287 1770 quaestio
1307 1697 1356 1752 est

194 1795 355 1877 multisque
372 1796 478 1868 modis,
498 1803 527 1857 et
546 1794 618 1856 satis
638 1810 852 1874 nonnunquam
867 1801 918 1854 eut
933 1792 1054 1855 mirilice
1068 1803 1119 1855 sut
1133 1791 1260 1854 absurde
1274 1803 1356 1857 trae-

193 1907 262 1962 tnte.
306 1899 438 1962 Fuerunt
453 1899 514 1980 qui.
534 1896 611 1960 sicut
625 1896 681 1960 ulie
696 1896 815 1958 uomina
831 1895 933 1968 multe,
955 1913 1030 1976 quae
1045 1914 1079 1958 ex
1095 1895 1274 1958 Graecorum
1289 1913 1356 1959 ser-

194 2019 283 2064 mone
298 2000 455 2064 commode
477 1997 613 2081 explicari
629 2018 716 2080 posse
731 1998 931 2080 desperarent,
953 1999 996 2061 siu
1017 1998 1105 2060 etism
1121 1998 1178 2060 hoc
1192 1999 1355 2080 Cyclopum

194 2121 304 2166 nomeu
326 2103 448 2184 origine
462 2101 619 2164 borbomm
640 2111 670 2162 et
690 2101 837 2164 eGmecis
857 2099 888 2163 iu
908 2101 954 2162 sui
969 2101 1116 2163 sermonis
1130 2098 1356 2166 similitudinem

194 2211 367 2288 corruptum
389 2225 457 2267 esse
476 2213 653 2267 statuerunt
697 2203 771 2266 ilem
788 2203 997 2267 Chele-iouh
1016 2203 1247 2268 el‘ltoeuicilrus
1262 2205 1357 2268 riictus

193 2307 284 2370 luisse
305 2307 357 2390 qui
375 2307 452 2371 circo
472 2307 570 2370 sinum
587 2305 807 2390 lilybaetanum
829 2307 991 2370 incolerent
1011 2307 1149 2370 homines
1168 2307 1249 2371 ierus
1264 2315 1295 2369 el
1309 2307 1358 2370 iu-

194 2409 299 2482 culros,
315 2411 417 2490 quoles
434 2410 493 2472 lere
510 2409 656 2474 ilumerus
671 2409 819 2484 describit,
835 2415 924 2492 elque
939 2409 1008 2473 irinc
1022 2427 1131 2472 nomeu
1147 2411 1177 2474 iu
1191 2409 1265 2472 elios
1280 2428 1358 2492 quo·

194 2531 252 2592 que
275 2513 516 2586 tremiutum.³⁶)
546 2513 603 2587 Qui
623 2525 721 2576 outorn
740 2533 879 2595 graecum
903 2513 1077 2576 vocabulum
1098 2533 1162 2576 esse
1181 2523 1358 2594 agnoscunt,

194 2614 230 2676 tie
256 2613 466 2694 significatione
491 2625 590 2678 umen
618 2615 787 2696 longissime
818 2616 894 2678 inter
917 2636 950 2678 so
976 2615 1152 2698 disertmuut.
1195 2616 1251 2678 stit
1275 2617 1358 2678 euim

168 2733 172 2742 ·
194 2717 537 2797 circumspectores
556 2717 700 2798 designari
723 2719 833 2793 volunt,
854 2718 912 2782 hue
932 2717 1065 2781 estnihil
1079 2717 1158 2781 aliutl
1172 2737 1264 2799 quam
1280 2717 1359 2803 pris·

194 2836 296 2881 cerum
318 2817 507 2901 l’eiesgorutn
530 2821 725 2902 ougures³²l2
752 2821 799 2884 eiii
819 2819 999 2902 astrologos,
1030 2820 1117 2894 item,
1143 2821 1360 2904 ecircumspi·
1474 2849 1488 2887 κ

194 2922 299 2985 meniu
314 2921 420 2994 illutus,
435 2933 487 2986 out
502 2923 569 3006 quio
585 2923 671 2988 orlrrs
686 2925 827 2988 coelestes
837 2923 1179 3007 eonteorplorentur³⁸):
1194 2923 1244 2987 aiii
1258 2925 1360 2988 stelles

192 3024 271 3108 ipsos
297 3031 418 3108 progrter
443 3027 569 3090 iurmom
597 3026 859 3101 orbiculorumllt.
887 3045 991 3091 mrsus
1018 3027 1066 3090 elii
1093 3027 1281 3103 metallarius,
1307 3027 1361 3112 qui

193 3147 287 3212 quum
302 3130 359 3193 sub
374 3139 450 3193 terre
465 3151 542 3213 opus
557 3131 696 3206 iacerent,
711 3133 846 3196 lucemus
857 3131 888 3194 in
900 3131 997 3194 iconie
1008 3131 1137 3213 alligatas
1150 3130 1361 3210 heberent⁴²l

194 3230 255 3295 iios
276 3232 332 3313 ipsi
352 3232 422 3295 olim
443 3233 515 3295 uiuit
537 3233 615 3296 eliud
636 3233 691 3296 nisi
715 3233 862 3296 ieritotem
882 3237 980 3296 vultus
999 3233 1058 3294 hoc
1077 3233 1198 3296 nomine
1212 3233 1362 3314 ticsigueti
1487 3229 1492 3238 ’

193 3333 451 3412 oeeuiutmmsstz
473 3337 626 3398 retuutleri
644 3335 725 3398 euim
745 3335 849 3399 oculos
867 3353 982 3407 eorum,
1003 3335 1055 3417 qui
1076 3335 1243 3398 vehementi
1257 3337 1362 3401 lurore

195 3432 385 3514 agitarentur,
402 3446 566 3499 tumescere
577 3443 608 3498 el
619 3437 702 3518 quasi
713 3446 812 3499 estere
825 3437 932 3500 villeri:
948 3454 1004 3500 nec
1014 3435 1162 3517 displicuit
1172 3437 1246 3502 lroee
1260 3439 1363 3524 opinio

263 3621 305 3682 :tut
325 3621 440 3673 uectore
453 3619 531 3672 Chen.
544 3619 554 3674 i
565 3637 588 3674 e
601 3623 643 3684 30,
655 3635 727 3688 quern
740 3623 856 3688 sequitur
867 3621 984 3674 Clericus
995 3623 1026 3676 el
1040 3621 1098 3674 lies.
1111 3623 1195 3689 titeog.
1209 3639 1234 3676 r.
1249 3623 1307 3677 111.

264 3707 307 3772 tt)
326 3705 447 3768 liiciert¹
460 3707 550 3760 iliesst
561 3707 585 3758 1.
603 3707 701 3760 Atlteue
714 3721 737 3773 p.
754 3707 810 3758 131.
824 3732 858 3747 -
871 3706 1013 3761 Liberelius
1025 3707 1102 3760 etism
1114 3705 1234 3760 Paullus
1245 3709 1263 3761 i
1275 3709 1294 3762 i.
1307 3726 1365 3762 οι·

195 3789 264 3842 nium
276 3791 368 3843 srtlum
380 3791 520 3862 cyclierurn
531 3791 647 3857 perillum
654 3791 808 3862 Cyelopilms
817 3792 917 3857 tribuit,
928 3801 1004 3859 etque
1013 3793 1071 3844 utne
1080 3809 1169 3844 sone·
1179 3793 1286 3846 ludite!
1295 3793 1365 3850 vute.

264 3875 306 3937 se)
326 3873 975 3944 u.neg.ues.te·ttyuo·c.·n.vut.p.tot.
1394 3861 1399 3872 '

264 3959 308 4022 tu)
324 3959 470 4025 δάκει-ιι,
488 3961 529 4014 ilc
544 3961 679 4026 eltgriecl.
691 3960 914 4028 Seilsogcugetti.
928 3963 1019 4028 Progc.
1035 3961 1215 4031 summersi.
1227 3962 1365 4019 wesen-

194 4043 238 4095 ssi
250 4058 307 4094 sen.
325 4045 398 4098 1858.
411 4064 433 4114 p.
447 4045 473 4098 i.
1372 4079 1376 4084 ·

263 4129 306 4192 itt)
325 4127 391 4182 llirt.
405 4127 495 4182 (ieret.
509 4130 555 4182 ier
564 4129 692 4182 Buuiuost
706 4145 735 4196 9.-
746 4129 794 4182 198
805 4139 833 4183 et
845 4131 870 4184 lu
881 4129 961 4184 wott.
972 4131 1088 4186 Anelect.
1100 4129 1109 4184 i
1121 4147 1145 4200 p.
1160 4133 1218 4185 151.
1228 4159 1260 4173 -
1269 4133 1366 4188 uste«

195 4211 273 4265 etiem
286 4211 451 4267 i‘cuerbeclii
463 4213 594 4282 (Nsclgel.
607 4215 680 4268 Scltr.
692 4213 712 4267 ii
725 4233 748 4284 p.
764 4216 821 4280 tut,
833 4224 861 4268 et
873 4214 974 4271 iileusii
985 4217 1019 4281 (is
1033 4217 1101 4271 uuor.
1113 4215 1224 4271 nutu
1236 4217 1269 4272 iii
1280 4235 1305 4287 p.
1318 4221 1365 4286 ’18)

195 4297 291 4351 mentio
303 4295 417 4352 iseleuie
429 4307 479 4364 est,
490 4301 533 4367 qui
542 4307 644 4353 retusis
653 4300 774 4368 quodem
783 4301 910 4355 artificem
918 4301 1027 4371 collegis
1036 4301 1164 4374 Cyclopes
1172 4301 1255 4360 luisse
1263 4303 1364 4361 volun.

79 4418 80 4422 ,
195 4379 249 4436 lice
261 4384 336 4451 lorge
347 4385 452 4439 diverse
464 4385 567 4438 ridetur
578 4385 704 4454 lllttlgeri
714 4389 843 4443 ιοιιοιιὶι
856 4385 1021 4460 lissstnyth.
1033 4388 1053 4443 ii
1066 4405 1091 4458 g.
1103 4391 1197 4459 1οης.

264 4470 307 4534 tt)
326 4469 420 4537 llum.
432 4485 472 4524 ee.
483 4467 504 4524 11
515 4485 540 4540 p.
553 4471 596 4524 ii.
