3186 4958
676 436 782 535 -..²93
813 525 815 530 .

159 627 251 692 menti
265 637 353 704 earet,
375 628 406 692 iu
425 626 472 693 bic
487 625 558 692 illud
573 620 705 714 τελετῆς
724 625 786 691 εἰει
800 625 1066 690 consummationis
1080 641 1192 690 nomen
1206 625 1323 713 praeci·

90 811 93 818 Ι
157 751 218 816 puo
232 733 362 816 quodam
378 732 468 796 modo
482 731 619 818 usurpari
633 731 754 796 solitum
770 747 911 795 essenon
926 728 1115 794 mirabimur:
1130 747 1322 814 qrramquarn,

158 845 192 900 ul
211 837 280 910 dixi,
299 839 388 901 etiam
410 836 598 918 generalioria
620 854 692 900 naua
713 835 848 917 exempla
868 833 946 897 baud
968 834 1084 896 «locunt.
1130 831 1321 898 Perlectionia

158 949 257 1004 autern
278 949 308 1004 et
328 940 594 1004 consummationis
615 941 769 1004 notionem
789 939 820 1001 in
835 937 930 1001 rerbis
945 933 1048 1000 τελεῖν·
1061 947 1092 1000 et
1105 931 1217 1022 τελετή
1232 937 1321 1000 etiam

158 1043 197 1108 ibi
212 1044 429 1125 agnoscendam
450 1063 514 1106 erec
534 1043 672 1120 arbitror,
693 1043 744 1107 ubi
766 1041 803 1106 de
823 1041 984 1104 initiatione
1009 1039 1217 1122 mysteriorum
1233 1059 1321 1104 usur·

158 1157 276 1230 pantur.
322 1147 438 1210 Scilicet
459 1147 548 1212 certic
568 1147 744 1229 quibusdam
762 1145 983 1208 lustrationibus
998 1145 1121 1226 aliisquo
1135 1143 1322 1208 caerimoniis

160 1269 234 1334 opus
249 1260 320 1325 erat,
333 1249 440 1332 quibus
455 1249 505 1333 qui
521 1249 576 1314 rite
591 1249 753 1332 praeparati
769 1259 862 1321 erant,
878 1247 936 1312 iarn
951 1249 987 1312 ad
1003 1247 1201 1331 participanda
1213 1253 1324 1329 myole-

159 1353 202 1416 ria
217 1352 303 1436 plane
321 1353 382 1434 apti
401 1363 432 1416 et
452 1353 537 1436 quasi
556 1352 754 1416 eomummati
775 1351 1018 1430 dicebanturfl).
1062 1351 1159 1415 Latini
1174 1371 1237 1414 rem
1252 1368 1323 1414 ean·

160 1454 228 1518 dem
249 1455 396 1518 contrario
419 1455 570 1533 vocabulo,
591 1455 644 1519 scd
659 1455 770 1538 pariter
783 1465 853 1540 apto
867 1455 1040 1536 significant.
1085 1455 1159 1517 baur
1175 1454 1323 1518 lustratio·

160 1559 246 1622 nibus
268 1559 324 1622 illio
342 1579 378 1623 ac
398 1559 581 1623 caerimoniis
601 1559 717 1622 initus
737 1559 767 1623 b.
783 1579 809 1622 e.
830 1559 926 1622 aditus
947 1555 983 1620 ad
1005 1558 1143 1640 clysterio
1159 1557 1323 1642 parabatur,

160 1681 235 1744 quae
249 1671 280 1725 et
295 1663 357 1746 ipsa
373 1662 409 1726 ab
425 1661 500 1726 initu
514 1681 625 1726 nomen
640 1661 792 1726 initiorum
809 1669 995 1746 acceperunt.
1010 1694 1054 1706 -
1068 1660 1199 1740 benique
1213 1655 1323 1743 τελετῇ

160 1775 189 1828 et
216 1763 390 1828 τελεῖσθαι
413 1765 501 1828 etiam
528 1765 564 1828 de
590 1765 812 1828 ccrntccratiouc
838 1763 999 1844 imaginum
1019 1763 1203 1846 aliarumque
1224 1781 1323 1826 rerum

160 1867 216 1930 dici
239 1868 444 1948 riclomuc²⁵)‚
465 1885 541 1952 quac
563 1868 651 1932 certia
674 1867 851 1950 quibusdam
875 1867 981 1930 ritibus
1003 1865 1031 1928 ri
1050 1867 1177 1948 quadam
1198 1875 1228 1929 ct
1243 1864 1326 1946 quari

160 1973 283 2034 numine
298 1971 396 2034 divino
411 1971 527 2053 impleri
541 1969 747 2044 credebantur,
759 1971 868 2033 scilicet
880 1969 947 2050 quia
961 1969 1005 2031 cic
1019 1969 1141 2032 demum
1156 1969 1192 2032 ad
1207 1985 1324 2030 oacrum

160 2091 248 2135 uuum
258 2082 323 2156 apta
334 2072 479 2153 planeque
489 2073 656 2154 perlectaet
665 2081 871 2134 consummata
882 2071 939 2132 diei
948 2079 1093 2154 bebrant.
1110 2070 1153 2132 ,111
1166 2069 1325 2150 imaginum

160 2183 260 2236 autem
275 2174 529 2236 consecrationem
545 2183 660 2254 practer
674 2172 867 2236 caerimonias
886 2173 974 2234 etiarn
995 2171 1137 2253 symbolis
1152 2170 1327 2252 quibusdam

161 2293 237 2360 opus
263 2275 354 2338 luisse
380 2275 514 2358 legimur,
540 2293 616 2358 quac
639 2275 674 2338 iio
700 2275 939 2360 appenderentur
961 2283 1013 2337 aut
1035 2275 1289 2338 circumdarentur
1312 2289 1329 2334 a

162 2377 279 2459 peritia,
310 2377 362 2459 qui
386 2373 551 2454 τελεοεοί,
577 2397 625 2442 ara
652 2383 751 2441 aulem
777 2395 881 2440 eorum
907 2373 1079 2464 τελεστινή
1106 2373 1328 2454 dicebatur²⁸).

162 2479 285 2562 Lapides
300 2499 360 2562 quo
376 2479 467 2543 modo
482 2481 647 2544 consecrati
662 2489 691 2544 et
706 2481 741 2546 ad
755 2481 974 2544 raticinandum
990 2481 1016 2543 ri
1029 2479 1123 2543 diuina
1136 2479 1249 2562 impleti
1259 2477 1327 2551 aiut,

162 2601 199 2645 cx
213 2581 342 2662 Orplaico
357 2581 488 2644 carmine
510 2581 546 2645 de
566 2582 711 2664 lapidibus
726 2583 864 2662 cognosci
879 2583 1047 2668 patratu).
1092 2582 1133 2644 lle
1147 2601 1240 2662 aquae
1253 2597 1327 2643 con·

162 2685 344 2758 secretione,
365 2703 426 2766 quo
447 2703 481 2746 ea
498 2684 535 2748 ad
555 2685 793 2766 hydromantiam
812 2695 865 2750 aut
884 2685 1128 2749 lecanomantiam
1148 2695 1216 2766 apta
1237 2685 1328 2758 noret,

162 2785 200 2848 bl.
225 2785 338 2848 l'cellue
360 2785 506 2868 loquitur,
526 2785 563 2848 dc
584 2805 632 2868 op.
654 2785 751 2850 daem.
773 2807 802 2870 p.
819 2787 871 2850 tt.
894 2787 1007 2850 boisce
1036 2777 1055 2872 ἡ
1080 2781 1139 2850 lut
1161 2783 1208 2871 regi
1231 2779 1329 2848 {ideae

163 2882 276 2971 τελετή
300 2881 359 2950 καὶ
380 2883 423 2950 ad
446 2879 626 2968 λεεάσμστιτ
647 2881 841 2974 ἐπιτήδειον
863 2885 950 2972 πρὸς
971 2882 1140 2972 ι’·νιοὸοχεῖν
1153 2885 1213 2952 τοῦ
1226 2888 1330 2972 χρῶν-

233 3091 275 3154 tt)
293 3089 331 3142 cl.
345 3075 462 3143 Euolatlr.
475 3091 506 3142 ael
519 3089 548 3143 ll.
561 3088 608 3156 lX,
620 3092 671 3144 tte
683 3109 706 3160 p.
720 3091 779 3154 152,
793 3091 838 3146 1οε
854 3091 997 3146 τελεῖσθαι
1013 3089 1046 3146 τὸ
1062 3096 1201 3162 μυεῖσθαι
1218 3091 1265 3145 aad
1281 3083 1330 3142 οὗ·

164 3191 217 3234 τινε
232 3173 414 3228 taratantara
431 3170 514 3244 ἔχειν.
537 3175 593 3228 Noc
606 3174 714 3228 abalmili
728 3178 827 3230 ratione
839 3193 854 3228 a
868 3177 1015 3230 ebriatlaoia
1027 3177 1197 3245 scriptoribur
1210 3175 1331 3230 τελεεοελ·

163 3263 234 3312 eder
247 3260 342 3313 dicitur
351 3268 376 3312 ct
386 3261 527 3318 τελελεισις
535 3259 566 3310 dc
577 3259 701 3327 bartiano
711 3268 756 3312 aut
764 3261 796 3311 tle
806 3268 964 3314 uerrucula
973 3261 1182 3326 confirmationis,
1194 3269 1221 3314 ct
1230 3261 1330 3314 τελειοε

163 3344 205 3413 qui
223 3345 345 3412 baptizati
362 3351 407 3397 ant
424 3344 565 3398 contracti
581 3351 649 3396 auat.
674 3343 731 3398 vll.
748 3345 786 3398 Du
798 3343 885 3412 Crago
897 3345 982 3398 Glora.
996 3363 1020 3414 p.
1037 3348 1109 3400 ttttt.
1132 3347 1216 3399 Elian
1227 3347 1259 3398 da
1271 3361 1332 3398 cca·

164 3430 308 3482 rceratloac
333 3431 500 3483 eeclesiarum
520 3429 702 3485 τελειοῦσθαι
722 3430 773 3483 dici
795 3431 914 3484 Valeriae
936 3432 1036 3486 notarit
1056 3433 1088 3484 al
1109 3432 1232 3502 llarpeer.
1253 3447 1277 3500 p.
1299 3430 1332 3484 et

165 3513 225 3580 (tlt
238 3513 343 3578 blatta.

235 3599 278 3666 25)
296 3599 334 3654 cl.
353 3600 468 3654 ltuatatlr.
480 3597 497 3653 1.
509 3597 541 3654 1.τ
562 3601 609 3652 act
629 3599 704 3670 rada
724 3601 771 3653 ael
793 3598 996 3656 Παλλάδιον
1017 3601 1267 3673 τετελεσμένον
1286 3599 1332 3652 aad

164 3684 266 3746 λλθσε
285 3687 532 3757 τετελεσμλνσε
550 3683 620 3738 acrei
640 3682 774 3750 τοιαύτην
791 3689 937 3756 acuendae
950 3686 1070 3757 λλλγετο.
1096 3687 1201 3758 Aliquot
1217 3686 1332 3756 car-pla

165 3771 216 3824 vil.
229 3785 270 3840 aa.
282 3769 311 3823 ll.
324 3773 485 3841 Stephanum,
496 3769 620 3824 Tbcaaur.
632 3778 693 3824 tour.
708 3771 752 3825 vll
765 3789 788 3842 p.
803 3771 869 3824 tube
882 3771 921 3824 cd.
936 3772 1019 3825 Paria.

234 3859 276 3924 ze)
297 3857 332 3910 lla
353 3858 393 3910 bia
414 3857 479 3910 ralla
495 3865 535 3910 eat
551 3857 703 3910 labeculam
719 3857 838 3922 laudare,
858 3857 981 3926 Astacon.
1000 3875 1024 3927 p.
1044 3857 1092 3911 100
1108 3864 1135 3910 ct
1147 3857 1207 3911 tad.
1230 3859 1268 3911 ba
1280 3858 1333 3912 rita

165 3949 249 3994 autera
263 3943 386 3996 cluamedi
399 3943 600 3996 εοενεσεεελοοίτ
613 3943 693 4011 ipaiua
704 3943 779 3995 ditae
791 3943 901 3996 lleratae
912 3951 1046 4014 praccepta
1059 3959 1074 3996 a
1087 3943 1230 4014 Porphyrla
1238 3945 1334 3996 tradita

166 4027 231 4095 apud
251 4027 388 4082 Brachium
406 4026 513 4096 leffium
533 4029 577 4082 l'r.
595 4043 686 4095 εσεος.
703 4027 735 4094 tt,
752 4029 783 4082 21
807 4037 867 4082 tarr.
887 4029 898 4082 l
919 4047 942 4099 p.
955 4029 1006 4082 200
1019 4029 1132 4082 llciaieb·
1146 4029 1185 4082 cl.
1196 4028 1230 4083 (1.
1242 4028 1333 4094 wolr,
1385 4071 1390 4080 .

168 4111 292 4184 Porphyr.
305 4130 330 4182 p.
346 4115 403 4168 100.

235 4197 278 4260 λλ)
296 4197 388 4252 thblc.
406 4213 433 4252 ν.
449 4197 607 4252 att-teta
629 4195 752 4266 interludo
768 4195 879 4251 notabile
895 4206 949 4266 art,
962 4199 1028 4268 quael
1040 4213 1065 4252 r.
1078 4197 1129 4253 060
1140 4197 1246 4265 dieitur,
1262 4199 1336 4254 λείνν

167 4277 389 4354 deceptricem
405 4277 519 4344 daedale
533 4275 662 4354 λμσνσον
673 4281 774 4344 ἔρδειν.
798 4281 905 4351 lapidea
917 4283 1017 4338 allam
1029 4300 1072 4338 rea
1082 4283 1122 4338 ale
1132 4293 1299 4338 ενιεεεεεειε
1309 4291 1335 4338 et

167 4367 376 4438 reveheretur,
391 4367 526 4437 dictaeque
541 4375 587 4421 aut
602 4369 749 4421 tac-calca
764 4368 792 4420 ri
809 4367 940 4436 laubias,
955 4371 1113 4440 τελλσμετι
1123 4369 1176 4424 dial
1187 4377 1277 4424 uta·
1286 4377 1337 4436 act,

167 4451 234 4504 τελε
245 4460 393 4522 corrupta·
404 4467 420 4506 ε
431 4453 550 4506 barbaria
561 4468 651 4506 ιοιεε
663 4451 835 4507 Tullum.
