3166 4962
709 376 771 439 247

162 587 245 651 ρον,
271 557 350 629 ἐπεὶ
370 559 410 628 τὸ
434 555 506 630 ἀπὸ
526 565 637 649 τρίτον
660 560 892 651 παραγόμενον
914 555 994 629 cirri
1015 559 1206 651 σονόρθροο
1228 556 1329 629 ἐστίν.

163 670 275 752 Nempe
290 687 382 751 prtum
399 679 501 733 eontra
516 689 577 742 eoa,
599 671 650 753 qui
674 671 704 734 in
727 661 823 752 οἴμοι
846 687 1012 752 pronomen
1034 669 1131 734 inesse
1153 669 1329 745 iudicabant.

164 775 286 837 uerbum
302 773 339 836 ab
355 765 450 854 οἷ’μοι
465 773 587 838 ductum
603 766 737 855 οἶμιόζω
752 775 899 844 atteratur,
919 773 949 835 in
968 774 1023 836 hac
1042 775 1241 856 disputatione
1256 773 1327 838 satis

163 879 269 954 iuerat,
284 879 397 960 primae
411 895 554 961 personae
570 896 738 961 pronomen
753 877 998 954 commemorari;
1021 877 1138 940 additur
1160 885 1261 940 tamen
1284 877 1330 940 in·

163 1001 253 1064 super
272 999 310 1044 ne
332 1001 349 1046 a
370 983 515 1046 secundae
537 983 656 1064 quidem
681 999 824 1066 personae
844 981 1021 1064 pronomine
1036 980 1123 1043 rerba
1138 980 1278 1053 derivari,
1299 979 1331 1044 in

163 1084 249 1148 tortio
276 1103 344 1149 vero
370 1103 496 1167 persona
520 1103 585 1174 pem
612 1085 709 1169 paullo
732 1083 817 1147 aliter
838 1103 870 1146 se
892 1083 1017 1158 imitere,
1040 1084 1186 1165 siquidem
1209 1082 1331 1146 vernum

165 1182 556 1271 οφετερίζωοοοοιιίόοιο
573 1187 689 1270 abipso
711 1185 858 1270 personali
880 1187 1068 1268 pronomine,
1094 1187 1147 1248 sed
1173 1197 1273 1248 tamen
1294 1185 1331 1248 ab

165 1289 253 1352 huius
268 1309 411 1372 personne
425 1291 592 1374 possessive
609 1282 694 1370 (α’πό
708 1283 909 1373 οονόρθροο)
924 1289 1034 1352 iactum
1049 1289 1098 1364 sit,
1113 1289 1193 1370 quod
1209 1298 1331 1372 propter

166 1393 242 1456 hene
257 1393 352 1476 ipsam
367 1413 486 1458 eausam
504 1383 625 1475 ἄλογον
647 1413 712 1457 esso
727 1393 842 1466 dicitur,
866 1394 893 1454 Ιι.
910 1415 937 1455 ο.
954 1392 1099 1456 diuersam
1115 1392 1260 1456 rationem
1276 1392 1332 1454 ha·

165 1495 235 1559 bere
250 1515 339 1578 quam
355 1489 497 1579 οἰμώζω,
514 1497 592 1580 quod
609 1496 645 1558 ab
661 1496 725 1580 ipso
740 1495 888 1578 personati
903 1487 964 1575 μοι’
978 1495 1156 1559 descendere
1171 1495 1330 1558 dicentum

165 1598 251 1674 iuret,
268 1599 293 1662 ai
309 1600 366 1664 hoe
380 1600 409 1664 in
425 1591 520 1681 οἴμοι
542 1600 638 1663 inesse
654 1609 843 1663 statueretur.
871 1601 1009 1662 Ceterum
1024 1599 1113 1662 etiam
1129 1599 1165 1661 ab
1181 1599 1246 1680 ipso
1261 1617 1332 1682 per·

165 1703 258 1766 annali
285 1703 388 1767 tertiae
413 1721 556 1785 personne
582 1701 758 1784 pronomine
779 1694 853 1787 opi,
879 1702 963 1765 euius
979 1701 1105 1785 priscam
1121 1703 1248 1766 ienuam
1264 1697 1333 1768 ni'ti

165 1804 256 1870 inisse
271 1813 397 1882 eonstat‚
408 1805 532 1868 uerbum
543 1799 673 1880 ni'e'iur,
690 1803 758 1869 irinc
768 1815 868 1868 autom
884 1799 990 1880 ΡὲΙΙω,
1006 1805 1133 1888 denique
1144 1797 1227 1880 ἔῦω,
1243 1807 1333 1870 itern-

167 1927 224 1991 que
248 1930 265 1973 a
291 1909 381 1973 latino
408 1909 585 1992 pronomine
609 1909 665 1971 aui
690 1927 825 1972 suesco
852 1909 963 1970 iactum
985 1927 1050 1970 esse
1065 1927 1161 1990 nuper
1175 1909 1332 1985 christina,

166 2011 244 2075 ltnuai
259 2012 321 2075 seio
336 2030 373 2074 an
393 2012 518 2093 primus,
539 2010 663 2072 coniecit
685 2010 764 2086 (τΙοΙ.
780 2011 832 2072 tier
846 2009 954 2091 grieeir.
971 2009 1128 2073 Lautieltre
1142 2029 1170 2092 p.
1191 2010 1276 2088 tut),
1295 2013 1333 2075 de

70 2139 71 2142 ¹
168 2131 225 2194 qua
246 2113 414 2176 eonieetura
435 2113 505 2194 quit
527 2111 716 2175 iudicandum
736 2112 788 2186 sit,
809 2129 826 2188 a
846 2113 992 2193 linguiatis
1012 2113 1138 2176 iortaaso
1153 2112 1209 2176 auia
1223 2113 1333 2178 liuhnii

169 2213 271 2276 vexillo
287 2213 481 2276 militantibus
496 2211 551 2276 nos
566 2212 745 2294 semipagani
761 2213 960 2276 eeioeeirimur.

253 2315 398 2398 Loquitur
419 2315 556 2398 deinceps
571 2315 743 2397 Apollonius
763 2315 799 2377 eie
821 2311 873 2377 dei
892 2325 922 2377 et
935 2307 1010 2399 χρό,
1032 2332 1107 2396 quae
1128 2331 1189 2376 non
1209 2333 1265 2398 pro
1279 2315 1333 2379 ad·

167 2416 282 2493 uerbiir,
295 2417 545 2501 quemadmodum
559 2417 659 2480 multia
675 2418 770 2480 uisum
785 2426 858 2492 erat,
873 2417 925 2480 soti
941 2435 996 2499 pro
1009 2417 1104 2479 verbis
1118 2417 1253 2482 habentia
1268 2438 1335 2482 esse

168 2521 319 2585 verissime
334 2523 465 2605 quidem,
488 2523 540 2586 seri
555 2521 735 2603 argumentis
751 2539 812 2584 non
827 2521 937 2604 pariter
951 2519 1090 2584 ouinibus
1105 2521 1190 2595 reris,
1206 2521 1292 2604 ionga
1307 2529 1338 2586 et

169 2625 288 2708 spinosa
303 2625 502 2709 disputatione
518 2627 713 2700 demonstrat,
729 2623 759 2687 in
776 2643 834 2708 qun
850 2623 1043 2688 describenda
1055 2624 1165 2706 passion
1180 2643 1197 2686 a
1211 2623 1337 2690 librariis

169 2739 302 2793 erratum
322 2749 387 2792 esse
408 2747 468 2792 uon
489 2747 559 2792 sane
580 2729 690 2792 mirum
714 2737 769 2792 est.
814 2729 856 2791 Ae
877 2728 1006 2810 primurn
1023 2727 1143 2810 quidem
1159 2747 1188 2810 p.
1204 2727 1278 2801 5³9,
1294 2729 1337 2793 28

170 2833 207 2895 de
227 2833 382 2906 inssnitiro,
408 2849 539 2914 quocum
559 2833 646 2894 verita
667 2831 715 2894 itta
737 2839 962 2908 construuntur,
988 2831 1060 2894 itaer
1073 2831 1182 2914 scripta
1197 2831 1338 2913 legimus:

169 2932 244 3000 Πᾶν
268 2927 512 3020 όπορόμφοτον
534 2925 640 3016 ὄνομά
663 2929 736 2998 ἐστι
758 2929 966 3017 πράγματος,
988 2933 1054 3010 τοί,
1070 2925 1337 3013 alienissimi»,

171 3029 252 3102 niro
280 3033 320 3101 τό
345 3031 559 3120 γενικώτατον
587 3035 691 3126 ῥῆμα,
719 3031 758 3101 τὸ
780 3031 1073 3123 πορνφτοτόμονον
1100 3032 1139 3101 τό
1167 3029 1226 3102 ον’-ν
1247 3031 1340 3123 ἐγγι-

170 3134 305 3222 νόμενον
327 3133 360 3205 iu
381 3133 592 3223 προσώποις,
613 3136 786 3206 τουτέστιν
808 3129 830 3206 ii
853 3139 949 3226 δηλοῖ
969 3137 1008 3206 τό
1031 3131 1283 3227 necopinantes,
1305 3142 1340 3206 iu
1422 3163 1424 3167 ·

171 3246 278 3331 quibus
294 3245 364 3309 iliud
381 3236 410 3309 ei
426 3237 517 3311 ἔστιν
533 3237 656 3324 εἰπεῖν,
678 3254 815 3312 nostrum
838 3265 942 3311 noun
963 3245 1021 3311 icit
1042 3265 1083 3310 ao
1102 3263 1220 3329 sapen
1239 3245 1339 3312 dari·

172 3349 347 3414 modestiam
364 3349 513 3432 quandam
528 3351 645 3415 dicentii
666 3351 810 3434 siguificat
831 3352 861 3415 iu
876 3371 908 3415 ro
924 3369 985 3416 non
999 3353 1085 3434 uuigo
1101 3361 1171 3414 nota
1185 3360 1237 3415 aut
1252 3353 1340 3434 piane

170 3461 249 3518 certa
265 3461 295 3516 et
311 3453 477 3528 manifesta,
493 3473 553 3536 quo
569 3473 660 3518 sensu
676 3464 789 3519 veteres
804 3455 892 3520 Attici
907 3446 953 3530 ὥς
968 3445 1076 3518 εἰπεῖν
1086 3454 1184 3518 eiicere
1195 3454 1340 3536 enimv)

171 3557 267 3632 Quam
290 3555 328 3619 ob
349 3574 468 3620 eausam
490 3567 589 3622 autern
605 3558 782 3622 infinitivum
798 3559 920 3621 verbum
938 3557 1064 3621 maxime
1078 3557 1212 3639 generale
1225 3556 1339 3622 habeu-

171 3661 243 3724 ton
259 3659 307 3736 sit,
322 3659 358 3724 ne
373 3667 485 3724 eonetr.
501 3659 550 3736 iii,
570 3660 608 3724 13
624 3681 652 3744 p.
670 3661 742 3724 229.
758 3661 955 3726 demonstrat.
993 3659 1052 3724 Sed
1069 3679 1123 3742 pro
1139 3661 1253 3744 pasairo
1267 3679 1340 3744 par·

239 3903 266 3968 ³)
284 3901 378 3956 Eadnat
398 3900 506 3958 ioraauia
526 3903 609 3958 ariter
624 3903 656 3957 aie
669 3912 767 3958 eonatr.
782 3901 813 3972 ii,
830 3903 846 3956 2
858 3921 882 3974 p.
896 3905 939 3969 96,
951 3903 994 3970 ΙΙ,
1005 3904 1037 3956 ne
1051 3901 1228 3957 terminatione
1239 3904 1340 3958 eaanali

171 3989 355 4060 pronominum
376 3987 434 4045 iriae
454 3989 510 4061 γὰρ
530 3987 608 4052 ἅπαξ
627 3989 669 4046 iri
688 3991 769 4064 palpas
790 3993 995 4064 προσχωρῆσαι
1011 3987 1044 4044 τὸ
1056 3989 1211 4055 elioenai,
1223 3984 1341 4045 etiam

170 4075 271 4140 attritu,
293 4071 413 4146 εὐλόγως
432 4077 472 4146 api
492 4079 630 4147 armaspi.
652 4091 725 4148 queat
738 4079 819 4132 tnenn
832 4077 937 4130 totiirn
950 4075 1038 4130 uerbis
1051 4075 1198 4129 Priscianus
1209 4075 1292 4142 ΧΙἸΙ,
1304 4079 1339 4133 ΙΙ

169 4159 306 4216 annuere
323 4155 496 4234 oportebat
511 4164 590 4218 nnita
607 4165 703 4219 armai
716 4165 768 4218 nai
780 4163 957 4217 enneniora
970 4162 1053 4234 parti
1065 4163 1165 4229 iinaaa,
1183 4171 1230 4230 et,
1247 4164 1275 4217 ai
1287 4173 1339 4218 aar

169 4248 346 4315 tinentia,
369 4249 619 4305 rationabiliter
642 4248 774 4304 raanaii.
802 4247 907 4302 seilicet
927 4248 968 4302 hin
989 4263 1087 4318 quoqne
1108 4247 1134 4302 ia
1154 4263 1183 4302 ra
1203 4265 1255 4302 aaa
1272 4237 1340 4304 a'atia

171 4335 286 4390 omnibns
302 4335 377 4406 piaaa
393 4343 421 4392 at
436 4337 570 4407 parapioaa
586 4337 649 4392 iiiati
669 4333 788 4408 atteror
802 4335 966 4404 mitigandam
977 4335 1158 4405 qaodataaaadn
1169 4337 1217 4389 hae
1228 4333 1340 4391 renata

169 4421 313 4476 vitiabatar.
757 4437 766 4448 ·
