3186 4958
762 633 784 640 ..
807 541 913 640 tlt„

249 727 347 810 pellat,
363 743 490 810 quorum
506 725 664 792 vindictam
681 729 772 804 alteri,
788 729 924 813 precibus
940 730 1002 792 suis
1017 729 1134 811 spretis,
1150 731 1338 796 metuendam
1354 753 1419 797 esso

250 831 413 913 significare
435 832 506 905 ruit,
529 831 688 914 potuitque
708 831 834 896 tortosae
850 832 927 906 lteri,
948 842 982 896 ut
998 832 1027 894 in
1041 832 1193 896 comoedia
1210 835 1419 918 drisloplranee

248 954 303 1018 pro
329 934 376 998 dei
398 933 521 998 alicuius
541 935 662 998 nomine
679 935 821 999 sonticam
839 936 898 1008 eet,
925 936 1005 1016 quod
1028 935 1234 1018 praetulerim,
1255 939 1418 1020 scipionem

247 1038 388 1122 appellari
403 1037 522 1114 laceret,
538 1038 589 1121 qui
605 1039 716 1103 scilieet
730 1038 829 1112 alteri,
850 1038 907 1100 nisi
922 1037 1151 1121 obtemprruret,
1167 1039 1277 1104 malum
1295 1041 1418 1104 doturus

246 1151 340 1206 esset:
357 1159 454 1224 nequo
468 1151 569 1206 tumen
585 1143 660 1206 odeo
676 1142 855 1226 protentum
873 1143 948 1206 lrauo
962 1141 1140 1206 sententiam
1156 1163 1220 1208 esso
1235 1143 1369 1218 dixerim,
1386 1152 1420 1207 ut

246 1254 405 1327 propterea
432 1246 568 1308 emlieum
591 1245 676 1310 leetio
699 1245 802 1329 utique
825 1245 981 1310 reiioiende
1002 1245 1050 1308 sit.
1087 1245 1161 1308 dam
1182 1245 1416 1310 demonstrativo

246 1348 425 1431 pronomine
448 1349 602 1430 loquentes
622 1367 684 1412 uon
704 1368 771 1412 mro
790 1357 887 1412 semet
909 1349 990 1432 ipsos
1011 1347 1164 1430 designare
1188 1367 1277 1412 nemo
1293 1350 1417 1432 ignorat,
1454 1347 1466 1370 ‘

245 1452 442 1534 dixeruntque
458 1451 494 1512 de
510 1450 567 1514 lroe
581 1470 638 1514 usu
654 1451 876 1516 demonstrativi
892 1471 984 1534 quum
996 1451 1043 1514 alii
1056 1451 1152 1528 multi,
1168 1461 1233 1516 tum
1246 1453 1419 1516 llattlriaeus

247 1557 276 1630 ἦ.
294 1553 390 1626 470,9
410 1563 439 1616 et
454 1552 591 1618 llloukius
610 1555 647 1618 ad
662 1555 733 1619 llur.
755 1556 814 1618 dle.
831 1575 857 1618 ν.
873 1555 952 1618 tlt:
974 1555 1114 1637 quodque
1130 1573 1211 1619 nuno
1227 1555 1418 1638 llicueopolis,

245 1657 331 1720 cuins
354 1657 427 1719 haec
447 1657 533 1720 uerita
558 1666 642 1732 sunt,
663 1665 731 1740 post
752 1658 881 1721 delirum
900 1658 1063 1740 personalis
1078 1657 1264 1740 pronominis
1279 1650 1364 1737 ἐμοί,
1388 1658 1418 1720 in

246 1759 407 1842 repetendo
435 1759 481 1822 sui
508 1759 709 1842 ‹lusignatione
736 1779 790 1843 per
814 1761 1078 1823 denronstrntirum
1108 1779 1168 1822 non
1196 1760 1266 1823 item
1286 1759 1417 1822 dativum

244 1855 364 1947 τοέτιμ,
387 1863 439 1924 sed
456 1864 655 1926 neerrsatirum
671 1883 739 1927 cunr
756 1862 974 1946 praepositione
990 1871 1123 1945 usurpet,
1139 1883 1199 1927 non
1215 1861 1307 1944 magis
1323 1863 1417 1926 olien-

244 1963 315 2028 dere
331 1965 429 2040 debet,
445 1985 534 2048 quam
550 1967 655 2030 similis
671 1968 796 2031 mutatio
811 1976 976 2030 structurae
993 1967 1023 2030 in
1039 1987 1065 2030 v.
1082 1971 1161 2030 li'25:
1184 1965 1315 2042 πωλεῖν,
1339 1957 1418 2048 elpo-

245 2061 359 2149 ρᾰζτιν
381 2063 468 2148 πρὸς
489 2061 556 2148 ἐμέ,
580 2064 738 2155 Λαμάχῳ
763 2066 800 2132 δι’
813 2063 872 2155 peri,
888 2071 938 2134 ubi
953 2089 1042 2134 nemo
1057 2078 1108 2133 aut
1122 2061 1198 2150 ἐμοί
1211 2079 1264 2133 aut
1277 2063 1363 2153 πρὸς
1380 2061 1419 2132 δέ

246 2165 414 2250 Λάμαχοι·
434 2170 591 2235 ιΙίοι·ιιιΙιιιο
613 2171 706 2236 luisse
725 2173 851 2255 putabit.
882 2173 992 2237 Nostro
1012 2183 1111 2236 autem
1134 2173 1199 2236 loeo
1222 2173 1268 2235 illa
1290 2169 1417 2234 mutatio

246 2279 331 2336 tanto
353 2271 452 2336 minus
472 2273 548 2336 mira
569 2273 659 2337 rideri
681 2283 794 2356 potest,
808 2273 833 2336 ei
849 2278 1022 2356 reputemus
1038 2275 1223 2356 llioaeopolin
1238 2272 1302 2336 sino
1316 2273 1416 2346 dnbio,

248 2391 342 2456 quum
358 2369 446 2456 πρὸς
467 2367 597 2438 τουτονί
611 2377 730 2448 diceret,
745 2376 834 2438 simul
849 2375 939 2438 etiem
955 2376 1045 2459 digito
1060 2385 1156 2440 semet
1172 2375 1269 2458 ipsum
1289 2375 1417 2437 demon·

245 2485 364 2540 straete.
395 2476 525 2540 lilmsleii
541 2496 610 2541 vero
622 2479 802 2562 opinionem,
817 2478 868 2560 qui
884 2467 971 2560 πρός
985 2497 1104 2542 eoram
1117 2479 1289 2562 signiticare,
1303 2495 1417 2560 prono·

245 2578 325 2642 mine
339 2588 438 2642 autem
454 2598 515 2644 uon
531 2580 719 2666 liioaeopolin
734 2581 785 2644 sed
808 2591 860 2643 aut
875 2580 1001 2662 legatum
1015 2581 1166 2644 Persicum
1182 2588 1233 2644 aut
1244 2581 1415 2645 eunuolrum

180 2703 182 2706 ·
246 2681 310 2745 eius
325 2682 464 2746 comitem
480 2682 624 2766 designari
640 2684 711 2756 vult,
726 2701 787 2748 non
802 2702 878 2766 opus
894 2689 939 2746 est
953 2684 1091 2747 refutare.

331 2785 363 2846 ll.
383 2785 442 2848 tta
464 2805 530 2869 sqq.
548 2785 730 2870 llieaeopolia
746 2785 853 2848 lrausto
869 2785 1050 2850 indutiarum
1066 2785 1271 2849 tricennalium
1287 2786 1415 2868 guntulo,

248 2873 275 2948 oi
297 2879 477 2966 Διονύσια,
500 2890 652 2963 exclamat,
767 2971 770 2978 Ι

409 2977 509 3052 οὗτοι
531 2987 592 3072 μὲν
614 2981 725 3070 ὅζοι·σ’
749 2982 935 3076 ἀμβροσίας
956 2987 1014 3056 καὶ
1036 2987 1203 3074 νέκταρος,

407 3081 470 3156 κᾶν
491 3089 540 3178 τῷ
562 3089 705 3176 στόματι
728 3089 870 3178 λέγουσι,
893 3086 982 3176 βαῖν’
1006 3087 1089 3156 δ’πσι
1112 3091 1234 3172 θέλεις,

411 3191 470 3259 καὶ
491 3192 537 3282 pr)
558 3187 730 3290 ’πιτηρεῖν
743 3189 832 3262 σιτί’
857 3189 986 3282 ἡμερῶν
1007 3191 1109 3278 τριιόν
1129 3194 1208 3272 ιιιλ.,

246 3297 288 3364 sic
307 3297 386 3362 onim
405 3299 459 3364 lios
474 3319 576 3364 tersus
591 3299 770 3364 ordinandos
785 3321 850 3364 esse
866 3319 935 3364 euru
953 3299 1071 3363 lleislrio
1087 3307 1118 3362 ot
1133 3297 1288 3372 bleinelrlo,
1303 3297 1414 3364 llindie.

245 3403 331 3466 drist.
353 3421 383 3485 p.
407 3405 436 3478 5,
452 3403 557 3479 eredo,
578 3422 672 3486 quum
694 3407 779 3486 uulgo
799 3403 904 3468 tertius
925 3403 1007 3466 elteri
1028 3411 1232 3485 anteponetur.
1263 3402 1417 3466 desentior

244 3503 315 3569 item
336 3505 479 3570 lleinoldo
496 3507 652 3570 llomalreri
673 3507 873 3572 coniecturum
896 3500 1015 3592 μηκέτι
1037 3508 1168 3588 μετρεῖν
1189 3525 1223 3570 ao
1239 3506 1353 3588 lierplrii
1367 3501 1413 3590 pri

242 3597 425 3692 ’παγείρειν
439 3609 620 3692 reprobanti,
635 3609 688 3673 sed
704 3629 758 3673 eur
771 3627 826 3691 pro
841 3610 976 3674 codicum
992 3609 1117 3672 lectione
1128 3603 1172 3694 pp*
1193 3599 1357 3694 ’πιιρριῖν
1371 3609 1415 3672 vir

242 3711 375 3796 egregius
399 3707 515 3798 μιμιέτι
543 3712 653 3799 τηρεῖν
678 3713 868 3778 scribendum
897 3731 961 3776 esso
981 3711 1167 3788 iudicaverit,
1194 3711 1345 3776 nonsatis
1365 3732 1414 3778 mo

241 3815 407 3899 perspicere
427 3816 530 3880 lateor.
560 3817 634 3881 liam
657 3817 701 3880 ris
717 3815 943 3900 praepositionis
958 3833 1018 3880 non
1034 3816 1195 3880 admodum
1212 3816 1326 3879 diversa
1342 3799 1414 3880 mihi

241 3918 272 3982 in
287 3918 347 3982 ltoo
357 3921 523 4001 composito
536 3941 604 3984 esse
619 3919 736 3985 videtur
749 3921 786 3986 ab
800 3939 846 3996 ea,
862 3939 937 4004 quae
949 3929 997 3984 ost
1007 3919 1038 3984 in
1050 3913 1260 3995 ἐπισκοπεῖν,
1275 3911 1413 4006 ἐφορᾶν,

243 4013 454 4106 incorporeis,
487 4017 730 4102 ἐπιμελεῖσθαι
759 4042 794 4086 ae
819 4021 982 4086 similibus:
1014 4013 1186 4108 ἐπιτηρεῖν
1209 4022 1297 4106 igitur
1320 4022 1414 4087 σιτία

243 4111 371 4206 ἡμερῶν
391 4119 489 4207 τριῶν
504 4123 528 4186 is
543 4123 661 4200 dieitur,
677 4125 729 4208 qui
744 4135 876 4190 mentem
893 4123 1017 4188 advertit
1031 4125 1182 4188 servandis
1196 4124 1322 4198 cibariis,
1338 4143 1414 4206 qnae

240 4221 273 4286 in
292 4225 423 4288 triduum
445 4225 610 4302 ruldeiant,
634 4247 797 4311 oummque
818 4227 939 4292 adhibet
953 4245 991 4291 ue
1005 4226 1150 4292 defletam.
1165 4261 1207 4274 -
1222 4225 1317 4289 Etiam
1333 4226 1412 4308 quod

241 4323 272 4388 iu
294 4328 386 4390 attero
406 4345 491 4392 versu
511 4329 634 4407 dieitur,
656 4319 719 4394 xiia
746 4327 794 4416 τῷ
815 4325 961 4413 στόματι
982 4324 1127 4413 λέγουσι,
1150 4347 1253 4394 vereor
1272 4345 1310 4392 ne
1329 4327 1414 4394 aliter

241 4425 442 4509 recipiendum
462 4431 516 4505 rit,
540 4451 630 4514 quam
650 4433 688 4497 ab
711 4432 938 4516 interpretibus,
960 4433 987 4498 ri
1007 4451 1067 4498 non
1089 4433 1242 4505 omuibus,
1263 4431 1412 4515 plerisque

240 4535 350 4606 umen,
364 4541 518 4616 roeeptuor
533 4543 589 4598 eet
618 4535 711 4620 Vulgo
725 4535 806 4599 eninr
821 4555 862 4600 oe
877 4536 1109 4602 indutiarum
1125 4535 1282 4622 signibomi
1295 4543 1411 4620 putant,
