3186 4968
422 547 536 642 ἔβαλλ’
560 549 700 623 denotor
721 548 877 642 θυτήρων

420 653 485 726 ἄντ’
507 649 658 744 ὄμματος
677 655 768 742 ulmo
792 655 964 747 φιλοῖιιτρι,

419 757 595 848 notros-od
616 755 658 828 θ’
679 754 725 840 nic
745 755 780 828 t»
801 762 981 850 γραφαῖς

420 860 654 952 προσεννέπειν
675 857 814 932 ritmo·
837 899 889 930 —.

113 961 166 1033 Ἐν
187 969 331 1056 γραφαῖς
350 967 407 1032 ism
428 987 445 1034 ι
465 967 622 1034 scholiasta
643 969 709 1034 uod.
725 966 827 1032 lindio
842 968 951 1032 loetum
966 987 1032 1032 esse
1047 966 1111 1031 olus
1126 965 1283 1030 annotatio

116 1073 259 1136 ostendit:
283 1061 306 1156 ip*
326 1065 385 1134 ted
407 1066 447 1134 ul
472 1063 593 1146 καλλος
616 1060 637 1155 ἢ
658 1063 718 1133 tid
733 1063 772 1134 rt
787 1061 988 1156 eiquoqreir:
1002 1078 1033 1134 et
1047 1069 1155 1133 horum
1170 1069 1282 1132 altem·

116 1184 196 1238 trum
216 1173 306 1238 etiam
326 1173 505 1237 ronentiores
524 1173 698 1256 interpretes
713 1173 844 1258 plerique
859 1175 1092 1258 amplectuntur:
1114 1171 1281 1234 lormosa

116 1295 183 1340 eeu
198 1275 299 1362 pieta
314 1276 446 1358 imago,
466 1275 507 1340 ait
522 1274 688 1350 Selrirtrius,
704 1284 837 1338 mutam
854 1275 965 1340 mauult
979 1273 1163 1351 liiausrnius,
1179 1273 1282 1335 lllom-

116 1379 218 1442 lreldus
233 1387 403 1461 utrumque,
420 1377 661 1442 Schneidewinun
675 1377 821 1444 utrumuis
836 1377 950 1464 probat
974 1379 1015 1442 lle
1031 1375 1149 1441 insolita
1160 1373 1275 1438 dicmdi

115 1481 211 1546 lorma
232 1499 337 1544 omnus
359 1486 465 1545 tonent
495 1481 569 1544 Nam
588 1479 649 1544 ιῖια
668 1475 845 1565 πρέπουσα
865 1482 902 1546 de
923 1481 1107 1546 formositate
1128 1477 1280 1560 accipitur.

116 1577 293 1668 ιτρέιτοισα
320 1575 366 1659 οῖς
391 1577 426 1648 ἰν
453 1583 596 1670 γραφαῖς
616 1601 736 1648 necesso
755 1585 812 1650 erit
831 1585 943 1650 dictum
964 1583 1043 1649 credi
1063 1601 1118 1666 pro
1138 1601 1175 1645 oo
1198 1577 1278 1662 quod

116 1685 229 1770 plenius
249 1685 406 1750 dicendum
421 1693 484 1750 urat
500 1677 676 1770 ιιρῖιταυσα
697 1679 743 1762 ule
764 1679 798 1751 ἐν
820 1687 962 1774 γραφαῖς
984 1679 1070 1762 τινὲς
1093 1675 1272 1766 πρέπουσι,

115 1805 223 1872 nempe
249 1788 274 1851 si
299 1785 437 1870 pulclrrao
457 1787 570 1850 lormoe
591 1785 722 1870 depietae
742 1789 817 1864 sint,
844 1789 872 1852 id
893 1789 973 1870 quod
995 1785 1222 1868 haudquaquam
1248 1783 1280 1846 iu

117 1889 257 1952 omnibus
277 1889 399 1972 picturis
419 1887 483 1952 lieri
505 1889 570 1970 quio
588 1887 707 1954 noscit?
732 1891 778 1953 sin
798 1891 835 1954 de
856 1891 945 1955 mutis
964 1887 1139 1970 imaginibus
1152 1885 1281 1966 cogitare

116 1991 183 2074 quis
204 1989 328 2066 mavult,
347 1999 418 2054 sunt
437 2009 507 2054 sono
528 2009 633 2056 omnoa
648 1990 787 2074 imagines
802 2000 917 2067 mutae,
937 1993 989 2056 sed
1005 2007 1165 2076 perpaucas
1180 1995 1280 2050 umen

117 2094 160 2157 sie
175 2093 266 2178 pictas
281 2113 348 2156 esse
364 2093 506 2170 dicemus,
526 2103 560 2158 ut
573 2094 681 2178 alloqui
696 2105 892 2180 spectatorum
908 2093 980 2158 selle
996 2093 1159 2168 rideantur,
1174 2109 1283 2175 quam·

116 2195 219 2259 obrem
247 2213 350 2259 rursus
371 2193 449 2258 idem
469 2197 549 2278 quod
567 2207 635 2260 ante
657 2197 893 2262 subaudiendum
918 2197 985 2260 erit
1021 2195 1053 2258 ld
1072 2193 1282 2276 interpretibus

116 2305 177 2360 tam
199 2295 282 2360 inrilo
303 2295 383 2360 lectu
402 2296 514 2372 risum,
534 2305 568 2362 ut
587 2297 699 2363 collatis
718 2299 895 2382 quibusdam
911 2297 997 2371 locis.
1017 2295 1068 2359 ubi
1083 2287 1283 2377 ἀγαλμάτων

116 2407 169 2462 aut
190 2389 326 2460 ιλιιόνιον
340 2389 570 2480 γεγραμμένων
583 2399 744 2464 similitudo
759 2409 811 2464 aut
826 2398 954 2484 pulolrria
968 2405 1020 2460 out
1034 2397 1125 2460 mutis
1139 2415 1173 2459 ne
1187 2395 1281 2457 silon·

118 2499 197 2562 tibus
218 2498 373 2574 tribuitur,
394 2499 465 2564 sotio
485 2501 583 2564 omnis
603 2502 688 2583 plana
708 2521 772 2565 esne
793 2501 933 2584 poterint.
963 2499 1077 2562 llorom
1092 2517 1147 2578 eqo
1161 2496 1282 2560 fortitu·

116 2601 236 2675 dinem,
257 2602 392 2684 quamvis
412 2601 553 2679 admirer,
573 2603 713 2667 aemulari
733 2611 913 2668 tamennon
933 2619 1065 2687 possum.
1094 2597 1219 2663 Facilius
1233 2597 1282 2662 in·

117 2701 278 2784 tolligerom
307 2699 486 2790 πρῖντσασιῖ
514 2695 556 2768 θ’
582 2697 628 2782 αῖς
654 2699 689 2770 lv
709 2705 855 2791 σφαγαῖς
876 2695 1113 2790 προσεννέπειν
1133 2695 1283 2766 θέλουσα

115 2805 178 2870 soil.
207 2801 283 2881 τοῖς
313 2806 476 2892 θιτῇραςε
510 2807 667 2890 speeiem
702 2807 883 2892 praebens
916 2805 1019 2890 qnasi
1053 2823 1146 2888 quae
1180 2801 1282 2868 iuter

117 2906 377 2971 mactationem
401 2908 510 2972 eliam
530 2909 671 2992 ulloqui
687 2919 888 2974 mactantes
904 2907 1031 2982 vellet,
1052 2907 1174 2988 inques
1189 2905 1281 2968 modo

117 3010 271 3074 oculorum
288 3008 454 3073 miserabile
470 3009 561 3074 telum
576 3011 737 3077 coniecisse
752 3013 828 3078 dicte
843 3022 897 3077 est.
923 3013 1032 3094 dptum
1047 3019 1127 3073 rorte
1142 3009 1201 3073 troo
1214 3027 1281 3071 esse

115 3129 204 3176 nemo
220 3111 352 3194 negabit3
367 3121 398 3176 et
412 3131 554 3197 perquem
570 3115 779 3180 conuenienter
792 3115 880 3180 etium
896 3115 967 3180 huin
980 3107 1015 3178 ἐν
1028 3113 1175 3200 σφαγαῖς
1184 3130 1280 3194 oppo-

116 3224 229 3279 nuntur
242 3215 344 3278 stetim
360 3211 489 3299 πατρὸς
503 3209 664 3304 σῖνιῖριῖνις
681 3209 888 3304 εὐτράπεζοι,
904 3217 1054 3301 inquibus
1066 3215 1112 3280 ilia
1124 3214 1194 3280 olim
1209 3232 1282 3278 ean·

117 3328 180 3382 tare
200 3317 288 3382 solite
305 3317 404 3382 luerit
434 3319 546 3394 Quodsi
567 3321 633 3405 quis
653 3329 751 3386 tamen
773 3323 910 3388 iniuriam
925 3319 1050 3386 librariis
1066 3319 1128 3384 fieri
1143 3316 1281 3392 clamitet,

117 3421 168 3504 qui
182 3421 225 3486 sic
239 3439 335 3485 errare
350 3438 411 3485 non
425 3423 586 3506 potuerint,
601 3433 636 3489 ut
651 3443 704 3510 pro
716 3428 861 3512 σφαγαῖς
872 3447 899 3490 e.
912 3445 938 3492 α
950 3422 1095 3511 γααφαῖς
1105 3421 1281 3496 scriberent,

116 3523 195 3590 unde
215 3531 283 3610 post
301 3544 319 3588 a
339 3535 504 3591 eorrectoro
519 3526 664 3612 γραφαῖς
677 3527 790 3592 lactum
805 3529 859 3606 sit,
881 3562 926 3577 -
944 3545 1123 3610 quamquam
1138 3545 1154 3590 a
1170 3523 1280 3588 nostris

115 3627 236 3712 quidem
251 3627 440 3714 typographis
454 3647 669 3715 saepenumero
684 3631 773 3695 otiam
782 3633 897 3714 gravium
908 3631 1001 3696 errari
1012 3629 1155 3702 ridemus,
1170 3661 1211 3674 —
1226 3625 1278 3692 tali

116 3731 217 3797 oritioo
240 3749 336 3796 meam
355 3731 557 3816 suspicionem
578 3751 755 3820 magnopere
775 3735 929 3822 displicere
947 3749 1042 3816 aequo
1060 3730 1161 3795 animo
1175 3729 1280 3807 ieram,

116 3852 178 3900 non
198 3835 297 3900 minue
316 3853 407 3920 quarn
427 3837 508 3922 quod
529 3857 555 3902 r.
571 3835 631 3903 ³81
655 3827 722 3921 α’ραῖ
737 3855 791 3925 pro
803 3829 902 3926 Ἄρη,
921 3827 1016 3921 ῖγγιῖς
1030 3821 1104 3900 οι’·σ’
1119 3851 1173 3919 pro
1187 3827 1280 3918 ἐγγό-

116 3959 205 4015 ’θῐϊν
225 3947 278 4004 titi
297 3957 324 4003 v·
346 3939 409 4004 476
429 3931 505 4020 ὀξῖς
524 3958 580 4025 pro
600 3930 729 4018 ὄσσοις,
749 3951 801 4006 aut
820 3961 848 4006 ν.
866 3939 948 4006 1134
967 3933 1074 4025 μα’τφν
1087 3955 1143 4021 pro
1156 3939 1282 4020 μαθεῖν
1316 3990 1318 3996 .

116 4039 262 4107 eiusmodi
276 4041 462 4109 dirutorum
478 4043 642 4110 cultoribus
657 4044 840 4130 displicuisse
851 4045 946 4117 rideo,
961 4043 1064 4110 iisdem
1077 4039 1218 4105 nimirum
1229 4043 1282 4126 qui

43 4233 46 4238 Ι
116 4143 205 4209 oliam
221 4161 247 4206 ι.
266 4143 344 4208 tuot
361 4139 528 4230 λάκτισμα
542 4143 678 4213 διῖιινσιι
692 4146 730 4212 de
744 4147 867 4215 immani
881 4157 912 4214 et
926 4145 1047 4212 infando
1058 4143 1139 4209 Atrei
1152 4144 1283 4210 ῖισῖιιοτι

116 4255 195 4313 recte
214 4246 327 4312 dictum
346 4267 413 4314 esse
432 4259 485 4315 eut
503 4240 570 4340 ‹ipq'i
589 4269 624 4316 τι
642 4241 780 4318 τιθέναι
799 4272 854 4341 pro
878 4238 1096 4337 ναταρᾶσθαῖ
1115 4267 1206 4327 τινος
1224 4250 1283 4318 urit

116 4349 250 4514 ροιμμνι
262 4349 320 4420 ribi
336 4363 556 4438 perimmuni.
585 4353 646 4422 llos
660 4353 751 4441 iqitur
762 4355 821 4424 nu
834 4357 945 4428 doliolis
959 4355 1022 4424 suit
1036 4350 1182 4424 tinnitu·
