3186 4968
764 445 912 546 *eoe-

254 631 436 701 adhibeatur,
452 630 484 693 in
498 648 558 712 qua
572 633 781 696 asseverationi
797 635 879 696 loeua
895 633 942 696 ait.
981 633 1062 696 llano
1077 634 1157 697 enim
1182 635 1340 716 genuinam
1360 637 1423 700 eim

255 731 313 792 uim
329 749 394 792 eme
410 731 468 795 iam
484 750 573 813 eupra
589 734 761 796 rrrouuinue.
806 736 945 798 Ceterum
957 752 1050 816 quum
1065 735 1246 817 probabilem
1262 737 1423 802 llermanni

255 833 492 896 emendationem
508 833 680 910 dixerimus,
703 837 788 918 plane
810 847 921 900 eertum
941 857 1008 900 esee
1023 837 1252 922 haudquaquam
1268 839 1424 904 contendi·

256 951 332 998 mua.
377 935 523 1010 lieieltiuo,
538 955 629 1020 quern
645 939 813 1022 llartungua
828 941 971 1022 sequitur,
993 929 1064 1003 ἀλλ’
1087 928 1144 1002 ede
1165 933 1223 1004 ἀᾶν
1245 937 1307 1024 μάρ
1330 943 1423 1026 aerip-

255 1038 303 1112 eit,
318 1039 398 1121 quod
415 1039 541 1103 minimo
562 1041 732 1104 discrimine
751 1043 788 1106 ab
809 1043 856 1106 illa
877 1042 985 1106 diotare
1005 1053 1135 1126 apparet.
1184 1043 1240 1107 tuit
1261 1044 1424 1126 grauiorem

256 1143 455 1225 corruptelam
471 1144 593 1208 euboeae
609 1145 673 1217 rati,
688 1155 740 1210 aul
755 1135 862 1223 ἀλλοις
884 1136 934 1228 ἀρ’
958 1135 995 1231 ἤν
1016 1138 1191 1232 χρηστήρά,
1214 1137 1245 1210 ελ
1261 1143 1346 1232 πρὸς
1360 1149 1427 1211 ardu

257 1241 347 1311 θεῶν
368 1248 569 1320 oonieoetunt,
585 1257 637 1312 aut
658 1237 767 1325 ἀλλως
790 1241 849 1334 λ’δη
873 1245 914 1334 δὴ
937 1250 999 1334 χρῇ
1022 1243 1093 1312 rold‘
1118 1238 1205 1311 ελ-
1220 1249 1251 1314 in
1271 1269 1332 1335 quo
1355 1253 1424 1334 quid

258 1341 317 1434 idq
332 1370 398 1413 ease
413 1351 567 1426 uoluerinl,
584 1353 768 1434 templumne
783 1371 820 1414 au
836 1359 981 1428 elaturum,
1004 1359 1032 1414 et
1052 1370 1113 1434 quo
1128 1353 1266 1436 exemplo
1281 1355 1317 1418 de
1332 1356 1425 1419 allero

258 1464 325 1518 utro
339 1455 461 1519 uerbum
476 1455 558 1536 χρᾶν
572 1457 709 1538 usurpari
727 1455 858 1538 potuisse
873 1456 1003 1528 credant,
1020 1457 1089 1520 uolo
1100 1475 1254 1539 quaerero.
1278 1459 1427 1524 setdteror

257 1547 425 1623 iortmoeol
446 1555 571 1645 τλῆμον
591 1559 622 1624 in
638 1557 721 1623 initio
735 1559 880 1625 excidium
893 1561 1113 1643 auepiralrniur:
1133 1560 1261 1646 denique
1276 1563 1427 1628 Sartdetua

258 1661 288 1728 in
303 1661 400 1728 libello
419 1663 709 1728 animaduersionum
730 1664 874 1746 (deitrdpe
896 1682 949 1728 aur
964 1663 1059 1728 ttrttil
1075 1683 1104 1728 u.
1122 1665 1201 1730 Erld.
1218 1665 1270 1730 dea
1285 1667 1379 1751 δορὴ.
1396 1683 1426 1731 tt.

258 1767 340 1846 Eur.)
363 1767 507 1833 llildeaiae
521 1787 548 1832 a.
570 1767 649 1834 tent
665 1769 821 1853 impresso,
841 1787 902 1834 non
920 1780 1019 1834 auteur
1040 1790 1057 1834 a
1072 1769 1197 1835 librariis
1211 1771 1358 1855 divulgato
1374 1771 1426 1836 aed

257 1881 374 1938 molum
389 1893 458 1938 oum
474 1873 575 1938 auriolo
590 1874 820 1948 communicato,
837 1893 866 1957 p.
888 1875 940 1947 tn,
961 1873 999 1938 alr
1018 1873 1156 1957 Euripide
1176 1875 1248 1940 oilril
1269 1875 1327 1940 εἰεί
1347 1867 1378 1941 ἀ
1399 1873 1428 1940 d

258 1969 398 2041 ἔστιν-
409 1967 477 2041 ἀλλ’
490 1969 547 2042 ἐᾶν
557 1973 617 2062 χρὴ
630 1971 791 2042 euidenti..
802 1979 957 2060 seriptum,
970 1977 1017 2041 illa
1028 1983 1128 2042 aulem
1141 1971 1226 2064 ἔλθῃ
1241 1975 1366 2064 μρερός
1381 1970 1429 2056 ἀς

259 2069 345 2164 ὄψιν
366 2073 452 2145 ποτέ
471 2079 509 2144 ab
520 2081 730 2163 interpolatore
745 2081 886 2163 quopiam
901 2081 998 2144 addita
1019 2101 1086 2144 oeae
1107 2081 1255 2146 εεεεεελεεε.
1300 2083 1362 2146 Ηασ
1383 2089 1430 2146 eal

259 2182 412 2247 hariolari:
427 2205 482 2266 ego
497 2204 567 2248 uero
583 2184 785 2248 llermannum
800 2183 885 2266 aequi
903 2183 990 2248 malo.

346 2287 413 2350 llox
429 2286 563 2351 Xuthum
578 2287 781 2350 aduenientem
798 2287 906 2350 Creusa
921 2287 1105 2368 conspiciens
1117 2287 1190 2367 petit
1202 2287 1239 2350 ab
1251 2288 1331 2362 lone,
1348 2295 1382 2350 ut
1393 2287 1430 2350 de

259 2405 399 2452 sermone
413 2389 491 2452 inter
505 2389 586 2473 ipooa
602 2389 702 2452 habito
717 2390 858 2454 atteram
872 2389 955 2452 illum
971 2395 1075 2462 noorai,
1091 2389 1180 2452 verto
1196 2388 1307 2452 scilieet
1321 2406 1358 2452 ne
1373 2387 1429 2451 tibi

260 2489 330 2554 villo
350 2499 497 2564 vertatur,
514 2491 594 2572 quod
614 2491 825 2555 olandeatinnm
846 2492 956 2554 amicae
976 2509 1096 2575 operam
1116 2491 1244 2565 dederit,
1265 2507 1339 2556 note
1357 2507 1432 2574 quoe

259 2592 374 2668 dixerit,
388 2593 414 2656 oi
428 2593 560 2675 evulgata
576 2593 695 2668 luerint,
709 2613 794 2657 oeoua
811 2594 1001 2677 accipiantur,

762 2693 820 2760 καὶ
843 2697 956 2782 προβῇ
978 2687 1077 2777 λόγος

459 2789 518 2878 orig
539 2784 625 2884 ᾗπερ
648 2789 742 2884 ἡμεῖς
764 2790 866 2862 αάεόν
887 2791 1121 2878 ἐξειλίσσομεν.

259 2901 408 2967 Nanoliuo
421 2901 540 2986 ocripoit
554 2893 690 2987 κάποβῇ
711 2895 819 2984 λόγος.
836 2903 903 2986 quia
924 2903 1002 2987 apud
1023 2900 1185 2965 stobaeum
1208 2901 1287 2963 l'lor.
1309 2897 1433 2972 lxxiv,

260 3005 303 3070 29
329 3023 384 3091 pto
410 3002 466 3070 uni
488 3007 601 3091 προβῇ
621 3024 637 3067 ε
657 3005 752 3090 prima
774 3024 865 3069 manu
885 2997 962 3088 κάμ’
985 2996 1058 3091 όλῇ,
1079 3023 1097 3068 a
1120 3003 1249 3067 secunda
1269 2999 1326 3068 καὶ
1346 2995 1436 3092 μάλῇ

260 3109 404 3194 scriptum
420 3119 475 3173 eet
507 3109 557 3172 l'ix
573 3117 672 3172 autem
694 3109 768 3173 tanti
790 3108 972 3173 aestimanda
992 3113 1037 3171 ool
1051 3107 1172 3172 Stobnei
1191 3115 1244 3170 aut
1260 3107 1323 3170 eine
1345 3107 1434 3172 libra·

260 3214 375 3282 riorum
391 3213 560 3288 auotoritas,
576 3219 609 3278 ui
623 3213 659 3276 ad
675 3212 879 3295 corrigendam
895 3211 1041 3293 uolgatam
1064 3210 1222 3276 lectionem
1243 3211 1315 3273 satie
1328 3228 1435 3275 caueae

261 3317 314 3382 ait:
329 3325 361 3380 ot
375 3318 475 3382 oemio
489 3337 544 3393 an,
565 3317 590 3382 oi
612 3307 729 3402 ἀποβῇ
752 3315 907 3398 Euripiden
928 3315 1110 3400 εεείρείεεεε,
1130 3315 1219 3378 etiam
1240 3299 1313 3378 οἷον
1335 3313 1436 3400 potina

262 3439 352 3504 quam
367 3408 387 3508 ᾗ
410 3421 575 3506 scripturus
589 3419 689 3485 luerit.
719 3419 786 3483 Non
801 3419 926 3484 absimili
941 3429 1041 3482 autern
1057 3437 1146 3502 quant
1163 3421 1274 3484 Creusa
1287 3435 1378 3483 εειεειε
1388 3415 1435 3482 di·

262 3523 302 3589 tit
317 3525 422 3607 aliquio
437 3525 515 3610 apud
530 3524 678 3598 Plautum,
690 3523 772 3587 Pero.
790 3523 837 3597 lll,
858 3525 884 3596 l,
900 3523 956 3588 23:
973 3521 1117 3587 inimici
1139 3523 1273 3586 lamam
1288 3537 1364 3586 non
1385 3520 1437 3586 ita

263 3637 304 3690 εει
317 3638 407 3690 -εεειεε
428 3639 486 3690 εει
507 3629 647 3691 lerunt.
682 3616 875 3704 Ἕξελίσσειν
890 3623 910 3688 i.
926 3623 1039 3707 quidni
1055 3615 1291 3690 ἀναπτύσσειν.

349 3730 410 3794 lam
434 3729 553 3794 llutluu
567 3729 708 3794 aeeeoero
723 3729 854 3811 primunt
870 3727 1017 3802 omniunt,
1033 3735 1068 3791 ut
1081 3745 1135 3810 par
1149 3735 1222 3801 erat,
1232 3727 1338 3800 deum,
1353 3727 1438 3791 unua

262 3832 366 3898 εειλεεο
381 3833 516 3898 aditurus
530 3841 586 3906 ert,
602 3831 720 3906 salutat,
736 3851 762 3894 ν.
779 3832 857 3894 tto:

466 3931 682 4014 πρῶτονμὲν
704 3927 724 3996 d
747 3929 831 4009 dede
852 3932 918 3996 τῶν
940 3923 1029 4013 lpide
1051 3924 1351 4018 προσφθεγμάτων

466 4032 578 4116 λαβών
599 4027 755 4115 ἀπαρχάς
779 4031 930 4117 χαιρέτω.

265 4139 327 4202 lero
342 4149 375 4202 ut
390 4141 591 4221 Agamemnon
606 4157 654 4220 ap.
673 4138 848 4220 Aeschylum
870 4139 921 4220 λρ.
938 4155 965 4200 u.
982 4135 1061 4201 81⁰:
1082 4133 1216 4219 πρῶτον
1236 4127 1297 4215 μὲν
1319 4125 1440 4219 ’Άργσς
1555 4128 1558 4132 ’

265 4235 323 4304 aet
344 4235 446 4316 dende
471 4233 644 4324 λγχωρλοες
671 4233 747 4326 diam
775 4241 984 4323 προσειπεῖν.
1017 4239 1059 4304 llo
1082 4229 1267 4321 ἀπαρχαῖς,
1290 4235 1438 4320 μελεαίελίε.

266 4359 348 4408 nuno
361 4343 398 4406 de
413 4341 507 4426 prima
521 4343 716 4427 appellatione
731 4343 817 4408 dietia
832 4361 892 4408 non
908 4361 983 4427 opua
994 4353 1041 4410 eat
1053 4343 1161 4408 dioere.
1183 4341 1294 4408 Deinde
1309 4339 1345 4406 ad
1361 4357 1438 4404 uxo·

267 4463 333 4512 Μ
346 4463 521 4512 mmmm

467 4549 541 4629 pede
560 4541 692 4632 χρόνιος
712 4543 822 4614 itudo
844 4541 875 4615 ἀ
894 4541 1048 4634 ἐξέπληξ’
1067 4541 1231 4635 ἀρρωδλᾳι·
