3166 4962
621 461 772 560 A

114 669 149 714 ae
171 650 299 733 patiendi
321 651 473 716 notionem
493 669 562 714 eum
582 651 709 733 quadam
725 650 868 740 temporis
882 649 1093 732 significatione
1109 648 1285 712 contineret.

115 753 167 816 iiis
193 773 267 837 quae
289 753 400 837 opponi
420 753 534 836 possint
554 771 616 818 nun
631 773 707 838 opus
721 765 768 816 est
782 755 936 824 disserere,
963 769 1059 834 neque
1075 751 1172 836 ipsum
1188 749 1284 813 uirum

115 877 267 922 sumntum
289 859 319 922 in
334 859 382 922 ills
397 858 553 932 sententia,
574 877 664 940 quam
683 857 855 920 adolescens
877 873 955 918 anno
976 855 1052 917 liibl
1072 855 1203 939 protulit.
1218 873 1286 917 ma·

115 963 226 1026 turiore
241 970 337 1026 aetate
353 978 553 1042 perseverasse
569 960 667 1023 eredo.
696 959 927 1023 Perseverauerit
938 967 1038 1020 autem
1050 957 1177 1020 fortasse
1189 959 1217 1019 in
1229 955 1285 1018 aliu

115 1065 242 1147 quadam
263 1063 425 1137 sententia,
446 1064 578 1126 eiusdem
601 1063 666 1126 libri
687 1081 714 1146 p.
734 1063 794 1126 128
817 1061 984 1144 proposita,
1005 1079 1097 1142 quum
1119 1060 1285 1142 praedicata

116 1186 169 1249 per
181 1167 304 1230 verbum
320 1166 536 1230 substantivum
551 1185 621 1230 cum
635 1165 767 1230 subiecto
779 1165 923 1249 copulata,
939 1182 1014 1244 quae
1026 1163 1102 1246 apud
1115 1163 1243 1228 Graecos
1253 1173 1285 1226 et
1393 1183 1400 1192 ·

116 1271 236 1334 Latinos
255 1270 395 1334 adieetiea
417 1289 484 1334 esse
506 1269 613 1344 solent,
634 1269 665 1333 in
685 1279 789 1333 nostro
803 1267 900 1352 patrio
914 1284 1053 1330 sermone
1068 1266 1204 1330 ailrerbia
1219 1286 1284 1330 esso

116 1373 173 1437 ait:
190 1373 269 1437 uelut
283 1393 375 1457 quum
392 1373 431 1438 illi
446 1373 548 1438 dicunt
573 1392 693 1457 equus
721 1381 779 1437 est
804 1373 938 1445 benus,
965 1389 1021 1434 nos
1043 1370 1285 1434 contradicimus

117 1477 179 1541 dns
200 1477 309 1542 Plerd
330 1477 382 1541 ist
403 1487 482 1560 gut,
507 1495 568 1541 non
587 1489 688 1542 autern
702 1485 817 1561 gulos.
849 1469 1086 1557 indignabundus
1100 1493 1196 1557 nuper
1209 1475 1286 1538 bane

116 1582 294 1646 seutentiam
314 1581 484 1664 perstrinxit
502 1581 608 1646 doetus
627 1581 747 1665 quidam
771 1579 994 1664 grammaticus,
1014 1577 1060 1642 eui
1080 1579 1191 1642 scilieet
1211 1597 1285 1642 con·

118 1693 210 1750 staret
225 1685 253 1749 id
269 1683 348 1767 quod
363 1684 452 1748 bodie
467 1685 550 1768 puori
566 1686 596 1749 in
606 1685 715 1750 scholis
727 1683 825 1748 doceri
837 1683 943 1758 solent,
960 1683 990 1746 in
1001 1682 1148 1746 eiusmodi
1160 1683 1286 1747 locutio·

117 1791 205 1855 nibus
219 1799 284 1873 gut
298 1789 411 1872 aliaque
422 1789 558 1854 sisniliter
569 1807 622 1871 per
633 1788 755 1852 verbum
767 1787 984 1850 substantie-uni
1000 1786 1134 1850 subiecto
1145 1786 1286 1852 attribuis

118 1895 191 1959 nihil
222 1893 300 1958 aliud
326 1913 401 1968 esse,
426 1911 516 1977 quam
543 1893 755 1958 adieetivorum
775 1891 887 1956 formos
906 1891 1083 1962 decurtatae,
1103 1891 1174 1954 olim
1187 1901 1286 1954 autem

119 1998 249 2064 maiores
263 2007 383 2062 nostros
397 1997 486 2061 etiam
502 1997 680 2080 plenioribus
694 1995 798 2060 formis
813 2015 867 2079 per
880 2013 985 2078 genera
1001 2005 1032 2058 et
1044 2013 1185 2058 numeros
1196 1995 1287 2059 deeli-

119 2103 196 2167 natis
207 2101 249 2166 uti
260 2101 376 2169 solitos.
398 2102 583 2182 Quamquam
596 2101 807 2184 ignoscendum
820 2118 952 2164 errorem
965 2097 1005 2162 illi
1016 2098 1104 2162 aetati
1115 2097 1205 2162 inisse
1214 2116 1288 2162 eon·

120 2207 214 2284 cedit3
230 2224 290 2270 uou
305 2205 517 2289 ignoscendum
532 2215 631 2271 autem
646 2207 695 2270 Fr.
709 2203 892 2279 Tbiersebio,
908 2203 959 2288 qui
974 2202 1097 2266 eandem
1112 2205 1288 2268 seutentiam

121 2311 208 2375 etiam
226 2309 305 2375 1826
315 2311 344 2374 iu
355 2311 439 2374 tertia
452 2311 579 2375 editione
593 2311 800 2393 grammaticae
814 2328 844 2392 p.
858 2309 876 2372 3
888 2307 1085 2394 proposuerit.
1111 2307 1170 2372 Sed
1182 2307 1290 2374 Tbier·

119 2415 202 2480 sebio
214 2413 343 2497 quidem,
354 2415 418 2479 seni
429 2415 531 2480 multis
542 2415 712 2479 nominibus
719 2413 896 2488 venerando,
909 2412 1027 2476 mallem
1039 2412 1237 2489 abstinuisset,
1246 2415 1291 2478 si·

122 2519 240 2600 quidem
257 2519 281 2582 is
297 2537 430 2583 errorent
445 2553 486 2566 -
502 2519 526 2582 si
547 2519 604 2583 luit
620 2537 704 2582 error
717 2553 759 2564 -
772 2519 803 2581 iu
820 2528 922 2598 quarta
934 2517 1140 2598 grammaticae
1151 2519 1307 2596 editione,

122 2638 197 2702 quae
208 2638 287 2683 suno
305 2620 386 2684 tuos
402 2619 521 2703 prodiit,
533 2619 619 2684 tacite
633 2621 768 2684 correxit.
794 2622 999 2686 llermauuum
1011 2633 1122 2696 autem,
1137 2622 1193 2684 etsi
1204 2623 1290 2702 iguo·

121 2743 203 2787 rasse
219 2723 364 2787 maiorum
377 2733 547 2787 nostrorum
560 2742 729 2786 sermonem
741 2725 825 2789 iaeile
836 2727 936 2802 credo,
948 2743 1009 2788 uon
1020 2735 1122 2788 tamen
1133 2735 1245 2790 temere
1255 2743 1292 2789 se

121 2827 185 2890 siue
199 2827 312 2890 ratione
326 2827 356 2889 id
372 2827 450 2908 quod
461 2827 560 2912 posuit
567 2828 704 2892 statuisse
713 2829 849 2894 arbitror.
870 2829 1014 2900 Nimirum
1024 2835 1205 2898 adieetisaeo
1215 2831 1291 2914 ipso,

122 2929 202 3013 quod
212 2930 340 2993 sormam
352 2931 507 2994 nominum
519 2939 675 3005 exuerunt,
686 2932 775 2997 eliam
786 2944 921 3001 naturam
933 2939 1088 3002 nominum
1100 2937 1226 3010 exuisse,
1236 2935 1292 2998 ad·

121 3033 290 3098 peritiorum
308 3034 440 3098 induisse
457 3035 547 3100 rideri
564 3044 716 3121 poterautt
737 3039 817 3122 quod
835 3041 885 3124 qui
901 3051 1016 3124 negent,
1031 3059 1092 3104 non
1107 3041 1143 3104 ad
1160 3040 1291 3124 priscum

123 3136 193 3201 illud
205 3137 378 3221 dudumque
390 3138 556 3204 obsoletum
568 3141 708 3225 loquendi
719 3161 820 3225 genus,
835 3146 915 3229 quod
930 3145 1089 3210 maioribus
1100 3145 1211 3208 uostris
1222 3163 1291 3208 eum

83 3235 85 3238 ’
124 3241 242 3306 Graecis
261 3249 293 3306 et
311 3242 423 3306 Latinis
445 3263 605 3309 commune
619 3245 685 3323 iuit,
707 3265 761 3312 uos
775 3249 919 3331 ablegare,
939 3251 991 3314 sed
1007 3250 1096 3315 certis
1109 3248 1293 3332 argumentis

124 3343 328 3409 demonstrare
344 3345 502 3422 debebunt,
524 3347 670 3426 adverbia,
691 3351 722 3414 iu
741 3351 908 3434 quibusvis
928 3354 1047 3437 quidem
1070 3353 1294 3426 adiectirorum,

124 3447 177 3511 sed
196 3445 261 3511 siue
280 3448 483 3513 articulatione
505 3451 630 3534 generis,
656 3456 783 3530 numeri,
804 3474 926 3521 msuum
942 3468 996 3534 est,
1018 3468 1139 3544 propter
1157 3466 1295 3521 naturam

124 3569 210 3614 suam
236 3568 298 3614 nou
318 3569 407 3634 posse
426 3570 496 3617 oum
516 3553 606 3620 verbo
626 3555 811 3622 substantivo
833 3559 1076 3646 inpraedieaudo
1091 3561 1294 3646 usurpaffl‘).

195 3821 239 3886 36)
256 3821 444 3877 Adaei-blesum
465 3823 503 3878 sie
525 3833 705 3892 usurpatorum
722 3829 837 3898 esempis
851 3846 881 3883 se
893 3832 957 3898 apud
970 3829 1084 3886 Grseeos
1095 3832 1195 3903 quidem
1206 3841 1234 3886 et
1245 3831 1296 3886 iss·

126 3906 195 3960 tiues
207 3907 297 3961 deesse
310 3907 389 3974 periti
402 3918 507 3963 seeuets
523 3925 566 3964 res
579 3913 660 3978 palam
672 3921 722 3967 est.
733 3941 768 3954 —
779 3915 828 3969 Sed
841 3917 957 3985 quesisse
969 3919 1047 3971 semel
1060 3917 1195 3972 liernsuei
1207 3917 1295 3972 deles·

126 3993 222 4046 sienem
244 3993 354 4061 suseepi,
377 4003 477 4062 leugam
496 3997 545 4050 boe
564 3997 622 4051 ieee
643 3999 720 4053 etism
740 3999 818 4067 eliud,
839 4017 969 4055 eommuue
985 4001 1023 4055 illi
1039 4019 1095 4056 esus
1111 4004 1239 4073 plerisque
1249 4013 1295 4057 sat

126 4077 212 4144 potius
232 4095 288 4132 eum
310 4079 426 4134 sensibus
444 4081 540 4135 nutris
557 4084 739 4151 meumstiels,
760 4087 805 4138 sed
816 4101 832 4138 s
845 4101 941 4154 nupero
954 4103 1062 4142 eessees
1075 4090 1239 4142 vehementer
1249 4090 1296 4142 isa·

127 4161 268 4230 probemus,
280 4165 345 4233 qued
358 4179 437 4218 voees
450 4164 508 4219 illss
520 4167 719 4232 indeclinabiles,
730 4169 862 4235 adverbis,
875 4173 1086 4241 praepositiones,
1095 4177 1297 4238 seniusetieses,
1310 4180 1313 4185 “

127 4251 250 4302 communi
271 4251 507 4318 particularum
528 4253 627 4306 saniem
643 4253 773 4321 appellaeo
790 4255 883 4310 soleat.
906 4257 933 4310 lt
948 4259 972 4310 si
984 4259 1041 4327 quis
1053 4260 1110 4314 ideo
1123 4263 1297 4330 reprehendit,

126 4335 191 4403 qued
210 4330 300 4408 μόρια
316 4353 339 4390 s.
356 4335 499 4404 partieslse
519 4353 536 4390 s
556 4340 687 4393 veteribus
705 4357 754 4393 ses
771 4343 853 4396 selem
866 4341 927 4396 illse
938 4359 1024 4412 voees,
1043 4348 1088 4400 sed
1100 4349 1183 4402 ensis
1194 4349 1298 4416 geseris

127 4419 252 4474 voeabula
266 4421 394 4489 dieantur,
411 4423 480 4476 iusto
493 4425 658 4479 morosiorem
669 4441 699 4480 se
709 4441 768 4481 esse
780 4429 908 4496 ostendite
920 4430 960 4484 sla
973 4447 1070 4500 suess,
1085 4435 1128 4504 qai
1140 4433 1186 4488 ills
1198 4436 1298 4488 senisse

127 4505 353 4649 eesltp'vstersn
374 4509 580 4564 omoeusios-
591 4517 708 4579 stustsr,
728 4513 803 4568 bulas
815 4514 918 4584 ignaros
929 4531 988 4571 ssse
999 4519 1090 4586 eredit,
1101 4519 1171 4574 isste
1181 4521 1299 4590 suspiee-
