3166 4962
756 432 909 533 -ει-ε-

251 623 351 706 ticipio
366 618 405 686 τὸ
426 615 727 708 πορνφιοεάμενον,
750 623 833 687 cuius
849 621 1030 706 probabilem
1045 622 1190 686 rationem
1207 624 1318 688 nullam
1333 625 1416 690 reddi

250 745 338 812 posse
354 726 448 799 rideo,
463 725 684 790 rescribendum
699 727 756 789 erit
769 725 895 790 activum
910 720 950 788 εδ
966 717 1233 812 παροφισεάνονε
1258 726 1326 792 binc
1340 745 1416 810 peu·

251 831 302 895 det
315 829 499 894 accusativus
514 823 554 892 τά
570 821 630 892 ads
645 820 854 912 ἐγγινόμενον
868 821 902 892 δν
917 822 1127 909 προσώποις,
1142 829 1252 898 scilieet
1268 828 1415 916 πρᾶγμα,

251 934 329 1022 quod
346 953 362 998 ε
377 933 530 1017 superiore
556 933 693 998 membro
718 933 870 997 subaudiri
896 932 991 996 debet.
1026 933 1076 998 Sio
1100 934 1136 999 de
1163 945 1272 1001 constr.
1292 937 1341 1012 ΙΙΙ,
1367 936 1416 1000 13.

250 1061 280 1124 p.
303 1040 381 1114 229.
411 1041 449 1101 15
476 1035 615 1123 πρᾶγμα
637 1031 844 1120 ἐγγινόμενον
866 1030 900 1100 do
921 1030 1119 1120 προσώποις
1144 1040 1214 1104 iilud
1240 1050 1301 1116 est,
1336 1040 1417 1124 quod

251 1163 319 1208 cum
341 1160 538 1226 personarum
558 1142 806 1223 adsignidmtione
830 1159 883 1224 per
897 1141 1020 1205 verbum
1041 1143 1157 1206 smitam
1173 1143 1328 1208 indicatur.
1359 1145 1417 1207 ΙΙε-

250 1247 340 1330 nique
355 1255 506 1327 postrema
518 1243 604 1308 rerba
617 1245 689 1307 nibil
700 1245 757 1308 nisi
769 1243 900 1308 nominis
912 1245 1185 1327 interpretationem
1197 1267 1263 1310 esse
1274 1247 1416 1312 arbitror:

250 1349 308 1411 boo
326 1365 401 1419 esse,
422 1345 500 1426 quod
522 1345 667 1426 significet
687 1362 798 1408 nomon
817 1345 889 1410 illud
912 1336 1166 1432 άπαρέμφοεον,
1187 1349 1299 1414 seilicet
1318 1368 1417 1414 serere

250 1448 426 1513 intinitisum
443 1464 649 1528 personarum,
667 1447 696 1509 in
712 1447 820 1528 quibus
835 1443 875 1511 εδ
887 1449 1027 1529 πρᾶγμα
1041 1451 1090 1525 sit,
1106 1445 1333 1536 πορεμφάσει,
1348 1454 1416 1515 be.

252 1549 512 1632 adsignitieatione.
543 1547 603 1610 Sed
618 1549 806 1631 Apollonium
821 1559 873 1613 aut
886 1551 987 1615 torisa
1003 1544 1063 1634 γάρ
1077 1543 1167 1615 ἐστιν
1180 1561 1232 1617 aut
1246 1549 1302 1618 καὶ
1317 1547 1417 1616 ιοῦιδ

251 1650 343 1720 ἐστιν
362 1653 516 1736 scripsisse
531 1652 630 1715 credo.
651 1685 693 1698 -
713 1653 814 1715 Paullo
829 1661 907 1736 post,
930 1673 957 1718 r.
975 1653 1027 1729 28,
1047 1653 1097 1717 ubi
1112 1655 1218 1736 legitur
1232 1649 1310 1719 διιεῖ
1325 1649 1420 1734 άπαξ

251 1755 502 1842 παρυφῖοταεαι
525 1744 710 1842 δνομιιτικῇ
734 1756 916 1842 κατιγγορῖφ
936 1757 996 1821 τοῦ
1015 1749 1227 1840 πράγματος,
1256 1740 1417 1822 nominati·

250 1878 321 1924 rum
339 1876 392 1942 pro
406 1856 504 1920 tiatira
520 1855 727 1938 reponendum
742 1879 808 1920 essu
821 1859 1010 1924 manifestum
1022 1867 1078 1922 ost.
1101 1859 1177 1934 uuio
1189 1861 1229 1923 sit
1241 1860 1419 1946 κατηγορία

251 1963 312 2028 τοῦ
343 1956 538 2048 πράγματος
560 1961 663 2024 monui
686 1961 716 2024 in
739 1962 891 2044 superiore
918 1963 1035 2027 dissert.
1063 1981 1092 2046 p.
1118 1963 1182 2026 239
1210 1973 1273 2027 not.
1300 1964 1350 2028 34.
1376 1997 1419 2012 -

251 2067 294 2132 De
315 2065 526 2150 significatione
545 2083 635 2148 porro
657 2064 815 2128 sorborum
838 2062 891 2128 δεῖ
910 2074 938 2129 et
959 2060 1021 2154 χρή
1042 2066 1214 2149 Apollonius
1239 2087 1269 2149 p.
1289 2069 1352 2131 540
1376 2069 1420 2132 sio

252 2170 366 2244 statuit,
392 2177 428 2232 ut
453 2159 606 2252 ἔλλειψιν
630 2168 778 2250 quandam
806 2171 845 2248 (ν.
871 2171 922 2249 tu)
949 2169 994 2232 vel
1021 2163 1181 2232 διάθεσιν
1206 2161 1420 2254 &diremistis

252 2291 292 2367 (r.
312 2274 363 2352 id)
385 2271 421 2336 iis
443 2270 566 2335 indicari
587 2279 731 2346 autumat,
752 2271 781 2334 b.
797 2293 824 2336 e.
849 2271 981 2336 deiectus
996 2273 1150 2335 cuiusdam
1167 2273 1418 2354 significationem,

251 2393 376 2458 eamque
391 2373 586 2448 transitiram‚
602 2392 691 2456 quam
704 2375 881 2438 sententiam
898 2375 986 2438 etiam
1003 2375 1039 2436 do
1058 2383 1169 2439 oonstr.
1186 2375 1236 2448 ΙΙΙ,
1252 2394 1276 2437 r.
1296 2375 1333 2436 16
1348 2393 1420 2458 pro·

251 2481 361 2552 ditetur,
381 2477 561 2558 sequentiis
581 2496 648 2540 earn
669 2477 857 2559 displicuisse
876 2477 1020 2540 ridemus.
1066 2479 1110 2540 Gi.
1132 2498 1158 2542 e.
1179 2497 1205 2540 e.
1221 2477 1420 2542 Ciroeruboso.
1443 2502 1444 2506 ¹

251 2602 280 2666 p.
300 2581 390 2645 ¹277.
407 2581 509 2664 itaque
524 2579 555 2643 in
570 2579 740 2644 huiusmodi
752 2580 963 2655 enuntiatione,
977 2571 1261 2644 δεῖἈιιοῖλοῖνιον
1271 2575 1420 2668 γράφειν,

254 2683 430 2751 infinitivum
447 2676 587 2770 γράφειν
608 2701 663 2766 pro
685 2683 819 2748 subiecto
834 2683 915 2747 verbi
930 2683 1030 2748 baberi
1046 2683 1117 2759 vuit,
1125 2673 1353 2750 Ἀπολλώνιον
1366 2705 1421 2770 pro
1522 2727 1523 2731 =

254 2789 382 2860 obieeta.
397 2788 481 2872 quasi
497 2787 609 2851 dietum
626 2788 680 2850 sit:
710 2781 825 2852 ῖειίεει
849 2783 889 2853 εδ
911 2784 1051 2871 πρᾶγμα
1075 2783 1115 2850 εδ
1142 2778 1178 2852 ἐκ
1200 2789 1259 2852 τοῦ
1284 2782 1424 2876 γράφειν

255 2883 493 2966 Ἀπολλώνιον,
521 2891 594 2955 be.
624 2893 739 2966 aetio,
757 2892 863 2958 ouius
891 2893 1005 2956 notio
1035 2893 1135 2956 inest
1163 2892 1199 2956 in
1228 2892 1421 2959 infinitivo

254 2991 441 3082 γράφειν,
461 2993 598 3058 deficit
618 2995 866 3079 Apollonium.
912 2995 970 3058 Sed
991 3015 1107 3078 quaer.
1128 2995 1176 3058 12.
1193 2998 1343 3080 leguntur:
1366 2994 1422 3064 not

253 3093 272 3188 'i
301 3095 461 3178 desideum
482 3084 581 3186 οὖνὴ
609 3099 670 3164 τοῦ
697 3095 747 3164 δεῖ
769 3091 962 3184 δλλιιιιτικιῖ
985 3095 1069 3181 μετά
1091 3101 1152 3164 τοῦ
1177 3090 1422 3187 άπορεμφάτοο

254 3197 373 3294 educto
394 3198 637 3291 συντασσομῖιογ
660 3197 810 3286 μέτεισιν
824 3196 883 3268 bot
897 3195 955 3288 eij-v
970 3193 1167 3292 αῖιιαεικῇν,
1182 3205 1421 3273 emendationem

253 3311 418 3395 requirunt.
451 3307 553 3392 dopo
568 3307 647 3372 enirn
664 3307 722 3373 boo
736 3308 832 3374 eiicere
844 3305 1017 3391 Apollonius
1033 3307 1138 3392 potuit.
1155 3309 1233 3375 idam
1250 3304 1420 3390 διάθεσιν,

254 3435 343 3500 quam
360 3412 412 3478 dei
426 3411 580 3496 signitieet,
602 3431 721 3497 unaque
741 3433 809 3477 cum
826 3433 859 3478 ra
875 3411 1051 3476 inunitivom
1068 3431 1136 3478 cum
1152 3415 1333 3480 nominativo
1348 3435 1421 3482 ron·

253 3529 401 3586 structum
421 3517 549 3582 transire
570 3517 600 3580 in
621 3518 830 3591 accusativum,
850 3518 902 3582 sed
919 3518 976 3581 hoo
992 3523 1117 3592 tantum,
1138 3517 1313 3584 infinitivum
1329 3521 1420 3584 serbo

254 3619 308 3688 δεῖ
320 3623 492 3689 adiunctum
513 3622 611 3706 ipsum
627 3621 841 3687 nominativum
858 3642 936 3686 esse.
968 3620 1027 3686 Sed
1044 3641 1137 3705 quum
1153 3622 1189 3686 de
1203 3625 1349 3688 sententia
1363 3626 1420 3690 du·

252 3725 344 3808 bita'ri
360 3736 497 3810 nequeat,
520 3727 697 3792 emendandi
717 3726 780 3792 rias
800 3728 899 3810 piures
919 3733 1000 3792 eunt.
1045 3725 1190 3810 Equidem
1212 3729 1290 3794 baud
1305 3729 1419 3814 impro-

252 3831 347 3896 babile
367 3840 440 3914 putu
461 3831 650 3914 Apollonium
669 3831 842 3915 scripsisse:
867 3827 924 3896 arui
946 3821 966 3919 ἦ
988 3824 1149 3910 διάθεσις
1168 3819 1264 3921 οὖνὴ
1287 3835 1348 3899 τοῦ
1368 3831 1422 3899 δεῖ

251 3925 1421 4025 ῖλῖιιιιιοιιγδειεοῦάιιιιρεμφάεονἐνἕνδεῖφοινιαοοομένοομέεεισιν

254 4029 316 4104 tot
330 4032 388 4121 τήν
403 4027 601 4124 οῖιιαεινήν.
625 4037 701 4104 iiam
715 4040 790 4106 actio
802 4041 965 4117 transitiva,
980 4043 1099 4126 qualem
1113 4040 1165 4108 δεῖ
1174 4044 1337 4128 significare
1347 4045 1419 4123 ruit,

259 4161 295 4204 ex
309 4140 442 4205 subiecto
461 4160 517 4206 suo
537 4141 568 4206 in
584 4142 733 4208 obiectum
749 4145 875 4210 transire
896 4141 1059 4226 (μετιέναι
1073 4149 1118 4214 rel
1134 4143 1417 4232 διαβιβάζεοδαι)

255 4243 343 4309 etiarn
359 4243 426 4307 aiibi
441 4243 547 4309 dieitur
561 4234 611 4323 (οῖ.
627 4267 703 4331 quae
716 4269 805 4334 supra
820 4251 863 4334 (p.
879 4251 955 4329 tut)
971 4252 1008 4315 de
1022 4272 1052 4336 p.
1069 4251 1142 4330 529,
1161 4251 1200 4316 17
1211 4253 1372 4330 diximus),
1389 4261 1420 4316 et
1445 4317 1446 4322 ,

254 4339 290 4412 b
304 4335 421 4434 ordorp
441 4345 617 4416 infinitivum
639 4371 667 4438 p.
684 4353 756 4430 bru,
783 4351 818 4418 18
840 4353 995 4419 babemus.
1025 4355 1109 4420 soor.
1130 4373 1255 4440 granam.
1275 4357 1308 4422 in
1321 4355 1418 4421 ΙΙεεΙε-

255 4451 356 4515 mauni
371 4453 479 4517 breed.
495 4454 530 4519 ΙΙ.
545 4474 575 4539 p.
592 4455 664 4534 313,
681 4454 738 4520 tt:
753 4451 859 4522 ταῦτα
874 4451 912 4524 δά
925 4459 1071 4543 (loquitur
1085 4460 1122 4524 de
1137 4457 1198 4540 δεῖ,
1211 4454 1275 4548 χρή
1288 4470 1318 4525 et
1331 4458 1417 4524 simi·
