<?xml version="1.0" encoding="UTF-8"?>
<!DOCTYPE html PUBLIC "-//W3C//DTD XHTML 1.0 Transitional//EN"
    "http://www.w3.org/TR/xhtml1/DTD/xhtml1-transitional.dtd">
<html xmlns="http://www.w3.org/1999/xhtml" xml:lang="en" lang="en">
 <head>
  <title>
</title>
<meta http-equiv="Content-Type" content="text/html;charset=utf-8" />
  <meta name='ocr-system' content='tesseract 3.04.00' />
  <meta name='ocr-capabilities' content='ocr_page ocr_carea ocr_par ocr_line ocrx_word'/>
</head>
<body>
  <div class='ocr_page' id='page_1' title='image "./opusculaacademi00schgoog_0216.png"; bbox 0 0 3186 4958; ppageno 0'>
   <div class='ocr_carea' id='block_1_1' title="bbox 753 367 905 472">
    <p class='ocr_par' dir='ltr' id='par_1_1' title="bbox 753 367 905 472">
     <span class='ocr_line' id='line_1_1' title="bbox 753 367 905 472; baseline 0 0"><span class='ocrx_word' id='word_1_1' title='bbox 753 367 905 472; x_wconf 64' lang='lat' dir='ltr'>...eu</span> 
     </span>
    </p>
   </div>
   <div class='ocr_carea' id='block_1_2' title="bbox 247 549 1423 3527">
    <p class='ocr_par' dir='ltr' id='par_1_2' title="bbox 448 549 1099 650">
     <span class='ocr_line' id='line_1_2' title="bbox 448 549 1099 650; baseline 0.003 -28"><span class='ocrx_word' id='word_1_2' title='bbox 448 549 537 622; x_wconf 66' lang='lat' dir='ltr'>etde</span> <span class='ocrx_word' id='word_1_3' title='bbox 559 549 589 622; x_wconf 80' lang='grc' dir='ltr'>δ’</span> <span class='ocrx_word' id='word_1_4' title='bbox 604 549 822 644; x_wconf 68' lang='grc' dir='ltr'><strong><em>Ἀθηναίοισι</em></strong></span> <span class='ocrx_word' id='word_1_5' title='bbox 843 551 933 645; x_wconf 70' lang='grc' dir='ltr'><strong><em>τιλμοὶ</em></strong></span> <span class='ocrx_word' id='word_1_6' title='bbox 956 554 1099 650; x_wconf 68' lang='lat' dir='ltr'>dccccxii</span> 
     </span>
    </p>

    <p class='ocr_par' dir='ltr' id='par_1_3' title="bbox 448 655 1211 748">
     <span class='ocr_line' id='line_1_3' title="bbox 448 655 1211 748; baseline 0.009 -22"><span class='ocrx_word' id='word_1_7' title='bbox 448 657 581 748; x_wconf 71' lang='lat' dir='ltr'>sedeatis</span> <span class='ocrx_word' id='word_1_8' title='bbox 602 655 771 746; x_wconf 76' lang='grc' dir='ltr'><strong><em>γενέσθαι,</em></strong></span> <span class='ocrx_word' id='word_1_9' title='bbox 793 655 872 730; x_wconf 77' lang='grc' dir='ltr'>κᾶτι</span> <span class='ocrx_word' id='word_1_10' title='bbox 893 661 952 728; x_wconf 84' lang='grc' dir='ltr'>τὸν</span> <span class='ocrx_word' id='word_1_11' title='bbox 972 658 1073 748; x_wconf 87' lang='grc' dir='ltr'><strong><em>νόμον</em></strong></span> <span class='ocrx_word' id='word_1_12' title='bbox 1093 660 1211 748; x_wconf 73' lang='grc' dir='ltr'><strong><em>μένειν,</em></strong></span> 
     </span>
    </p>

    <p class='ocr_par' dir='ltr' id='par_1_4' title="bbox 247 755 1423 3527">
     <span class='ocr_line' id='line_1_4' title="bbox 448 755 1124 850; baseline 0.007 -23"><span class='ocrx_word' id='word_1_13' title='bbox 448 765 565 850; x_wconf 72' lang='grc' dir='ltr'><strong><em>χοῆρες</em></strong></span> <span class='ocrx_word' id='word_1_14' title='bbox 585 755 687 850; x_wconf 74' lang='grc' dir='ltr'><strong><em>ἄγγος</em></strong></span> <span class='ocrx_word' id='word_1_15' title='bbox 708 765 887 846; x_wconf 76' lang='grc' dir='ltr'><strong><em>Παλλάδος</em></strong></span> <span class='ocrx_word' id='word_1_16' title='bbox 907 769 1010 850; x_wconf 83' lang='grc' dir='ltr'><strong><em>τιμᾶν</em></strong></span> <span class='ocrx_word' id='word_1_17' title='bbox 1031 763 1124 848; x_wconf 77' lang='grc' dir='ltr'><strong><em>λεών,</em></strong></span> 
     </span>
     <span class='ocr_line' id='line_1_5' title="bbox 248 867 1413 958; baseline 0.009 -25"><span class='ocrx_word' id='word_1_18' title='bbox 248 867 339 934; x_wconf 85' lang='lat' dir='ltr'>ritum</span> <span class='ocrx_word' id='word_1_19' title='bbox 353 869 412 933; x_wconf 89' lang='lat' dir='ltr'>hoc</span> <span class='ocrx_word' id='word_1_20' title='bbox 426 871 547 933; x_wconf 91' lang='lat' dir='ltr'>nomine</span> <span class='ocrx_word' id='word_1_21' title='bbox 562 870 695 952; x_wconf 76' lang='lat' dir='ltr'>designat</span> <span class='ocrx_word' id='word_1_22' title='bbox 709 871 740 934; x_wconf 90' lang='lat' dir='ltr'>in</span> <span class='ocrx_word' id='word_1_23' title='bbox 755 873 864 936; x_wconf 88' lang='lat' dir='ltr'>choum</span> <span class='ocrx_word' id='word_1_24' title='bbox 880 873 956 937; x_wconf 77' lang='lat' dir='ltr'>festo</span> <span class='ocrx_word' id='word_1_25' title='bbox 973 872 1229 954; x_wconf 84' lang='lat' dir='ltr'>observatum,²¹)</span> <span class='ocrx_word' id='word_1_26' title='bbox 1244 877 1413 958; x_wconf 79' lang='lat' dir='ltr'>religiosum</span> 
     </span>
     <span class='ocr_line' id='line_1_6' title="bbox 248 972 1415 1064; baseline 0.009 -28"><span class='ocrx_word' id='word_1_27' title='bbox 248 972 330 1036; x_wconf 79' lang='lat' dir='ltr'>idom</span> <span class='ocrx_word' id='word_1_28' title='bbox 353 973 483 1057; x_wconf 88' lang='lat' dir='ltr'>quidem,</span> <span class='ocrx_word' id='word_1_29' title='bbox 509 973 562 1036; x_wconf 86' lang='lat' dir='ltr'>sed</span> <span class='ocrx_word' id='word_1_30' title='bbox 582 985 662 1038; x_wconf 86' lang='lat' dir='ltr'>certe</span> <span class='ocrx_word' id='word_1_31' title='bbox 680 993 741 1040; x_wconf 87' lang='lat' dir='ltr'>non</span> <span class='ocrx_word' id='word_1_32' title='bbox 761 995 911 1041; x_wconf 87' lang='lat' dir='ltr'>areanum.</span> <span class='ocrx_word' id='word_1_33' title='bbox 941 975 1044 1060; x_wconf 81' lang='lat' dir='ltr'>Neque</span> <span class='ocrx_word' id='word_1_34' title='bbox 1059 977 1212 1054; x_wconf 77' lang='lat' dir='ltr'>Pindarus,</span> <span class='ocrx_word' id='word_1_35' title='bbox 1233 981 1350 1064; x_wconf 75' lang='lat' dir='ltr'>Otpmp.</span> <span class='ocrx_word' id='word_1_36' title='bbox 1366 983 1415 1055; x_wconf 87' lang='lat' dir='ltr'>ut,</span> 
     </span>
     <span class='ocr_line' id='line_1_7' title="bbox 248 1077 1417 1167; baseline 0.006 -25"><span class='ocrx_word' id='word_1_37' title='bbox 248 1080 286 1142; x_wconf 80' lang='lat'>41</span> <span class='ocrx_word' id='word_1_38' title='bbox 305 1077 381 1155; x_wconf 79' lang='grc'><strong>(74),</strong></span> <span class='ocrx_word' id='word_1_39' title='bbox 400 1079 451 1142; x_wconf 82' lang='lat' dir='ltr'>ubi</span> <span class='ocrx_word' id='word_1_40' title='bbox 466 1077 627 1140; x_wconf 78' lang='lat' dir='ltr'>Hieronem</span> <span class='ocrx_word' id='word_1_41' title='bbox 647 1087 820 1162; x_wconf 84' lang='lat' dir='ltr'>ceterosque</span> <span class='ocrx_word' id='word_1_42' title='bbox 836 1079 1026 1142; x_wconf 79' lang='lat' dir='ltr'>Eumenidas</span> <span class='ocrx_word' id='word_1_43' title='bbox 1047 1081 1147 1145; x_wconf 88' lang='lat' dir='ltr'>laudat</span> <span class='ocrx_word' id='word_1_44' title='bbox 1167 1092 1271 1167; x_wconf 89' lang='lat' dir='ltr'>utpote</span> <span class='ocrx_word' id='word_1_45' title='bbox 1287 1077 1417 1166; x_wconf 75' lang='grc' dir='ltr'>εὐσεβεῖ</span> 
     </span>
     <span class='ocr_line' id='line_1_8' title="bbox 248 1174 1415 1270; baseline 0.007 -26"><span class='ocrx_word' id='word_1_46' title='bbox 248 1174 361 1266; x_wconf 72' lang='grc' dir='ltr'><strong><em>γνώμᾳ</em></strong></span> <span class='ocrx_word' id='word_1_47' title='bbox 383 1175 614 1267; x_wconf 76' lang='grc' dir='ltr'>φυλάσσοντας</span> <span class='ocrx_word' id='word_1_48' title='bbox 634 1176 791 1266; x_wconf 76' lang='grc' dir='ltr'><em>μακάρων</em></span> <span class='ocrx_word' id='word_1_49' title='bbox 812 1176 955 1258; x_wconf 78' lang='grc' dir='ltr'><strong><em>τελετάς.</em></strong></span> <span class='ocrx_word' id='word_1_50' title='bbox 977 1183 1055 1246; x_wconf 83' lang='lat' dir='ltr'>aliud</span> <span class='ocrx_word' id='word_1_51' title='bbox 1070 1184 1141 1267; x_wconf 87' lang='lat' dir='ltr'>quid</span> <span class='ocrx_word' id='word_1_52' title='bbox 1157 1187 1310 1268; x_wconf 76' lang='lat' dir='ltr'>significat,</span> <span class='ocrx_word' id='word_1_53' title='bbox 1325 1207 1415 1270; x_wconf 85' lang='lat' dir='ltr'>quam</span> 
     </span>
     <span class='ocr_line' id='line_1_9' title="bbox 247 1275 1415 1374; baseline 0.006 -26"><span class='ocrx_word' id='word_1_54' title='bbox 247 1279 308 1360; x_wconf 82' lang='grc' dir='ltr'>τὰς</span> <span class='ocrx_word' id='word_1_55' title='bbox 321 1275 441 1368; x_wconf 74' lang='grc' dir='ltr'><strong><em>ἑορτὰς</em></strong></span> <span class='ocrx_word' id='word_1_56' title='bbox 453 1278 521 1346; x_wconf 83' lang='grc' dir='ltr'>τῶν</span> <span class='ocrx_word' id='word_1_57' title='bbox 533 1281 634 1360; x_wconf 74' lang='grc' dir='ltr'><strong><em>θεῶν,</em></strong></span> <span class='ocrx_word' id='word_1_58' title='bbox 650 1285 901 1366; x_wconf 75' lang='lat' dir='ltr'>quemadmodum</span> <span class='ocrx_word' id='word_1_59' title='bbox 917 1293 997 1350; x_wconf 88' lang='lat' dir='ltr'>reete</span> <span class='ocrx_word' id='word_1_60' title='bbox 1008 1287 1415 1374; x_wconf 88' lang='lat' dir='ltr'>scholiastesinterpretatur·</span> 
     </span>
     <span class='ocr_line' id='line_1_10' title="bbox 247 1385 1416 1473; baseline 0.004 -20"><span class='ocrx_word' id='word_1_61' title='bbox 247 1385 564 1472; x_wconf 76' lang='lat' dir='ltr'>ltemOlpmp.X1,5i</span> <span class='ocrx_word' id='word_1_62' title='bbox 579 1386 644 1450; x_wconf 78' lang='lat' dir='ltr'>sesti</span> <span class='ocrx_word' id='word_1_63' title='bbox 656 1387 800 1470; x_wconf 76' lang='lat' dir='ltr'>Olympici</span> <span class='ocrx_word' id='word_1_64' title='bbox 817 1389 911 1470; x_wconf 86' lang='lat' dir='ltr'>prima</span> <span class='ocrx_word' id='word_1_65' title='bbox 927 1390 1095 1464; x_wconf 71' lang='lat' dir='ltr'><strong>celebratio,</strong></span> <span class='ocrx_word' id='word_1_66' title='bbox 1111 1391 1142 1454; x_wconf 92' lang='lat' dir='ltr'>in</span> <span class='ocrx_word' id='word_1_67' title='bbox 1158 1409 1216 1473; x_wconf 88' lang='lat' dir='ltr'>qna</span> <span class='ocrx_word' id='word_1_68' title='bbox 1231 1395 1303 1456; x_wconf 84' lang='lat' dir='ltr'>niuu</span> <span class='ocrx_word' id='word_1_69' title='bbox 1318 1395 1416 1459; x_wconf 87' lang='lat' dir='ltr'>arcani</span> 
     </span>
     <span class='ocr_line' id='line_1_11' title="bbox 248 1484 1417 1579; baseline 0.005 -24"><span class='ocrx_word' id='word_1_70' title='bbox 248 1501 320 1566; x_wconf 88' lang='lat' dir='ltr'>crat,</span> <span class='ocrx_word' id='word_1_71' title='bbox 346 1484 559 1576; x_wconf 77' lang='grc' dir='ltr'><strong><em>πριοτόγονος</em></strong></span> <span class='ocrx_word' id='word_1_72' title='bbox 579 1486 695 1553; x_wconf 72' lang='lat' dir='ltr'>scdsed</span> <span class='ocrx_word' id='word_1_73' title='bbox 717 1490 838 1555; x_wconf 87' lang='lat' dir='ltr'>dicitur:</span> <span class='ocrx_word' id='word_1_74' title='bbox 869 1501 900 1555; x_wconf 86' lang='lat' dir='ltr'>et</span> <span class='ocrx_word' id='word_1_75' title='bbox 923 1493 1007 1575; x_wconf 72' lang='lat' dir='ltr'>Pyre.</span> <span class='ocrx_word' id='word_1_76' title='bbox 1029 1492 1079 1564; x_wconf 78' lang='lat' dir='ltr'>IX,</span> <span class='ocrx_word' id='word_1_77' title='bbox 1101 1494 1141 1558; x_wconf 81' lang='lat'>98</span> <span class='ocrx_word' id='word_1_78' title='bbox 1165 1490 1294 1559; x_wconf 80' lang='grc' dir='ltr'><strong><em>τελεταὶ</em></strong></span> <span class='ocrx_word' id='word_1_79' title='bbox 1316 1490 1417 1579; x_wconf 77' lang='lat' dir='ltr'>dipem</span> 
     </span>
     <span class='ocr_line' id='line_1_12' title="bbox 247 1589 1417 1675; baseline 0.006 -17"><span class='ocrx_word' id='word_1_80' title='bbox 247 1589 426 1671; x_wconf 78' lang='grc' dir='ltr'><strong><em>Παλλάδος</em></strong></span> <span class='ocrx_word' id='word_1_81' title='bbox 447 1595 650 1659; x_wconf 74' lang='lat' dir='ltr'>Panathenaea</span> <span class='ocrx_word' id='word_1_82' title='bbox 669 1603 749 1668; x_wconf 89' lang='lat' dir='ltr'>sunt,</span> <span class='ocrx_word' id='word_1_83' title='bbox 771 1612 846 1675; x_wconf 88' lang='lat' dir='ltr'>quae</span> <span class='ocrx_word' id='word_1_84' title='bbox 861 1595 933 1659; x_wconf 85' lang='lat' dir='ltr'>item</span> <span class='ocrx_word' id='word_1_85' title='bbox 949 1595 1035 1660; x_wconf 86' lang='lat' dir='ltr'>Nem.</span> <span class='ocrx_word' id='word_1_86' title='bbox 1050 1595 1087 1670; x_wconf 84' lang='lat' dir='ltr'>X,</span> <span class='ocrx_word' id='word_1_87' title='bbox 1105 1595 1146 1660; x_wconf 76' lang='lat'>3⁴</span> <span class='ocrx_word' id='word_1_88' title='bbox 1166 1595 1297 1663; x_wconf 77' lang='grc' dir='ltr'><strong><em>τελεταὶ</em></strong></span> <span class='ocrx_word' id='word_1_89' title='bbox 1310 1591 1417 1664; x_wconf 67' lang='grc' dir='ltr'><strong><em>Ἀλλα-</em></strong></span> 
     </span>
     <span class='ocr_line' id='line_1_13' title="bbox 248 1697 1417 1772; baseline 0.005 -12"><span class='ocrx_word' id='word_1_90' title='bbox 248 1697 348 1763; x_wconf 82' lang='grc' dir='ltr'><strong><em>ναίοιν</em></strong></span> <span class='ocrx_word' id='word_1_91' title='bbox 368 1707 522 1772; x_wconf 77' lang='lat' dir='ltr'>vocantur,</span> <span class='ocrx_word' id='word_1_92' title='bbox 544 1697 612 1761; x_wconf 87' lang='lat' dir='ltr'>licet</span> <span class='ocrx_word' id='word_1_93' title='bbox 631 1715 737 1761; x_wconf 85' lang='lat' dir='ltr'>arcana</span> <span class='ocrx_word' id='word_1_94' title='bbox 753 1697 1028 1763; x_wconf 82' lang='lat' dir='ltr'>Panathenaeorum</span> <span class='ocrx_word' id='word_1_95' title='bbox 1043 1717 1125 1764; x_wconf 87' lang='lat' dir='ltr'>sacra</span> <span class='ocrx_word' id='word_1_96' title='bbox 1141 1701 1220 1765; x_wconf 88' lang='lat' dir='ltr'>nuda</span> <span class='ocrx_word' id='word_1_97' title='bbox 1236 1702 1327 1766; x_wconf 78' lang='lat' dir='ltr'>inisse</span> <span class='ocrx_word' id='word_1_98' title='bbox 1343 1721 1417 1766; x_wconf 87' lang='lat' dir='ltr'>eou-</span> 
     </span>
     <span class='ocr_line' id='line_1_14' title="bbox 248 1797 1419 1884; baseline 0.004 -18"><span class='ocrx_word' id='word_1_99' title='bbox 248 1812 315 1867; x_wconf 82' lang='lat' dir='ltr'>stet</span> <span class='ocrx_word' id='word_1_100' title='bbox 360 1803 420 1866; x_wconf 90' lang='lat' dir='ltr'>Sed</span> <span class='ocrx_word' id='word_1_101' title='bbox 440 1799 519 1884; x_wconf 91' lang='lat' dir='ltr'>quod</span> <span class='ocrx_word' id='word_1_102' title='bbox 539 1801 570 1864; x_wconf 92' lang='lat' dir='ltr'>in</span> <span class='ocrx_word' id='word_1_103' title='bbox 590 1799 684 1864; x_wconf 82' lang='lat' dir='ltr'>altero</span> <span class='ocrx_word' id='word_1_104' title='bbox 705 1800 847 1864; x_wconf 82' lang='lat' dir='ltr'>vocabulo</span> <span class='ocrx_word' id='word_1_105' title='bbox 861 1797 958 1878; x_wconf 82' lang='grc' dir='ltr'><strong><em>τέλος</em></strong></span> <span class='ocrx_word' id='word_1_106' title='bbox 975 1803 1087 1866; x_wconf 79' lang='lat' dir='ltr'>factum</span> <span class='ocrx_word' id='word_1_107' title='bbox 1111 1823 1176 1868; x_wconf 88' lang='lat' dir='ltr'>osse</span> <span class='ocrx_word' id='word_1_108' title='bbox 1196 1807 1365 1882; x_wconf 76' lang='lat' dir='ltr'>statuimus,</span> <span class='ocrx_word' id='word_1_109' title='bbox 1385 1816 1419 1871; x_wconf 90' lang='lat' dir='ltr'>ut</span> 
     </span>
     <span class='ocr_line' id='line_1_15' title="bbox 248 1903 1417 1991; baseline 0.002 -21"><span class='ocrx_word' id='word_1_110' title='bbox 248 1907 428 1970; x_wconf 89' lang='lat' dir='ltr'>tributorum</span> <span class='ocrx_word' id='word_1_111' title='bbox 449 1905 531 1968; x_wconf 92' lang='lat' dir='ltr'>notio</span> <span class='ocrx_word' id='word_1_112' title='bbox 552 1903 589 1967; x_wconf 88' lang='lat' dir='ltr'>ad</span> <span class='ocrx_word' id='word_1_113' title='bbox 609 1903 749 1967; x_wconf 81' lang='lat' dir='ltr'>sacrificia</span> <span class='ocrx_word' id='word_1_114' title='bbox 771 1905 991 1978; x_wconf 75' lang='lat' dir='ltr'>transferretur,</span> <span class='ocrx_word' id='word_1_115' title='bbox 1012 1907 1040 1968; x_wconf 93' lang='lat' dir='ltr'>id</span> <span class='ocrx_word' id='word_1_116' title='bbox 1063 1907 1094 1969; x_wconf 94' lang='lat' dir='ltr'>in</span> <span class='ocrx_word' id='word_1_117' title='bbox 1113 1903 1245 1991; x_wconf 67' lang='lat' dir='ltr'>scinde</span> <span class='ocrx_word' id='word_1_118' title='bbox 1264 1925 1326 1972; x_wconf 90' lang='lat' dir='ltr'>nou</span> <span class='ocrx_word' id='word_1_119' title='bbox 1347 1910 1417 1972; x_wconf 87' lang='lat' dir='ltr'>item</span> 
     </span>
     <span class='ocr_line' id='line_1_16' title="bbox 250 2005 1418 2090; baseline 0.003 -20"><span class='ocrx_word' id='word_1_120' title='bbox 250 2009 395 2090; x_wconf 86' lang='lat' dir='ltr'>quadrare</span> <span class='ocrx_word' id='word_1_121' title='bbox 415 2006 616 2070; x_wconf 82' lang='lat' dir='ltr'>confitendum</span> <span class='ocrx_word' id='word_1_122' title='bbox 637 2013 691 2078; x_wconf 87' lang='lat' dir='ltr'>est,</span> <span class='ocrx_word' id='word_1_123' title='bbox 711 2005 953 2088; x_wconf 84' lang='lat' dir='ltr'>quandoquidem</span> <span class='ocrx_word' id='word_1_124' title='bbox 974 2007 1085 2070; x_wconf 83' lang='lat' dir='ltr'>tributa</span> <span class='ocrx_word' id='word_1_125' title='bbox 1108 2023 1261 2089; x_wconf 88' lang='lat' dir='ltr'>nunqnam</span> <span class='ocrx_word' id='word_1_126' title='bbox 1282 2011 1342 2072; x_wconf 87' lang='lat' dir='ltr'>hnc</span> <span class='ocrx_word' id='word_1_127' title='bbox 1361 2029 1418 2074; x_wconf 93' lang='lat' dir='ltr'>no·</span> 
     </span>
     <span class='ocr_line' id='line_1_17' title="bbox 250 2107 1419 2191; baseline 0.003 -19"><span class='ocrx_word' id='word_1_128' title='bbox 250 2110 331 2173; x_wconf 87' lang='lat' dir='ltr'>mine</span> <span class='ocrx_word' id='word_1_129' title='bbox 346 2109 502 2190; x_wconf 76' lang='lat' dir='ltr'>designari,</span> <span class='ocrx_word' id='word_1_130' title='bbox 522 2109 574 2172; x_wconf 84' lang='lat' dir='ltr'>scd</span> <span class='ocrx_word' id='word_1_131' title='bbox 590 2107 743 2191; x_wconf 86' lang='lat' dir='ltr'>proprium</span> <span class='ocrx_word' id='word_1_132' title='bbox 767 2109 830 2171; x_wconf 85' lang='lat' dir='ltr'>cius</span> <span class='ocrx_word' id='word_1_133' title='bbox 850 2127 938 2170; x_wconf 89' lang='lat' dir='ltr'>usum</span> <span class='ocrx_word' id='word_1_134' title='bbox 959 2107 989 2171; x_wconf 92' lang='lat' dir='ltr'>in</span> <span class='ocrx_word' id='word_1_135' title='bbox 1010 2111 1103 2172; x_wconf 88' lang='lat' dir='ltr'>saeris</span> <span class='ocrx_word' id='word_1_136' title='bbox 1122 2130 1189 2173; x_wconf 86' lang='lat' dir='ltr'>esse</span> <span class='ocrx_word' id='word_1_137' title='bbox 1205 2110 1346 2174; x_wconf 82' lang='lat' dir='ltr'>uidemus.</span> <span class='ocrx_word' id='word_1_138' title='bbox 1375 2113 1419 2176; x_wconf 79' lang='lat' dir='ltr'>ud</span> 
     </span>
     <span class='ocr_line' id='line_1_18' title="bbox 250 2211 1420 2297; baseline 0.002 -21"><span class='ocrx_word' id='word_1_139' title='bbox 250 2213 456 2297; x_wconf 81' lang='lat' dir='ltr'>explicandum</span> <span class='ocrx_word' id='word_1_140' title='bbox 471 2219 570 2274; x_wconf 80' lang='lat' dir='ltr'>autrm</span> <span class='ocrx_word' id='word_1_141' title='bbox 585 2211 666 2273; x_wconf 89' lang='lat' dir='ltr'>hunc</span> <span class='ocrx_word' id='word_1_142' title='bbox 680 2227 769 2272; x_wconf 90' lang='lat' dir='ltr'>usum</span> <span class='ocrx_word' id='word_1_143' title='bbox 786 2211 914 2274; x_wconf 88' lang='lat' dir='ltr'>maxime</span> <span class='ocrx_word' id='word_1_144' title='bbox 929 2211 1088 2294; x_wconf 83' lang='lat' dir='ltr'>probabilis</span> <span class='ocrx_word' id='word_1_145' title='bbox 1103 2211 1176 2276; x_wconf 87' lang='lat' dir='ltr'>haec</span> <span class='ocrx_word' id='word_1_146' title='bbox 1191 2213 1234 2277; x_wconf 83' lang='lat' dir='ltr'>vin</span> <span class='ocrx_word' id='word_1_147' title='bbox 1247 2214 1371 2288; x_wconf 84' lang='lat' dir='ltr'>ridetur,</span> <span class='ocrx_word' id='word_1_148' title='bbox 1385 2223 1420 2278; x_wconf 90' lang='lat' dir='ltr'>ut</span> 
     </span>
     <span class='ocr_line' id='line_1_19' title="bbox 249 2311 1419 2399; baseline 0.001 -21"><span class='ocrx_word' id='word_1_149' title='bbox 249 2315 473 2399; x_wconf 80' lang='lat' dir='ltr'>proficiscamur</span> <span class='ocrx_word' id='word_1_150' title='bbox 487 2311 684 2397; x_wconf 83' lang='lat' dir='ltr'>aperdciendi</span> <span class='ocrx_word' id='word_1_151' title='bbox 698 2321 729 2374; x_wconf 88' lang='lat' dir='ltr'>et</span> <span class='ocrx_word' id='word_1_152' title='bbox 743 2313 971 2376; x_wconf 89' lang='lat' dir='ltr'>consummandi</span> <span class='ocrx_word' id='word_1_153' title='bbox 986 2313 1118 2390; x_wconf 88' lang='lat' dir='ltr'>notione,</span> <span class='ocrx_word' id='word_1_154' title='bbox 1134 2334 1220 2396; x_wconf 84' lang='lat' dir='ltr'>quae,</span> <span class='ocrx_word' id='word_1_155' title='bbox 1236 2325 1269 2378; x_wconf 88' lang='lat' dir='ltr'>ut</span> <span class='ocrx_word' id='word_1_156' title='bbox 1284 2317 1314 2378; x_wconf 91' lang='lat' dir='ltr'>iu</span> <span class='ocrx_word' id='word_1_157' title='bbox 1329 2317 1419 2380; x_wconf 77' lang='lat' dir='ltr'>verbo</span> 
     </span>
     <span class='ocr_line' id='line_1_20' title="bbox 250 2412 1420 2501; baseline 0.002 -20"><span class='ocrx_word' id='word_1_158' title='bbox 250 2412 362 2494; x_wconf 79' lang='grc' dir='ltr'><strong><em>τελεῖν,</em></strong></span> <span class='ocrx_word' id='word_1_159' title='bbox 385 2417 429 2479; x_wconf 89' lang='lat' dir='ltr'>aio</span> <span class='ocrx_word' id='word_1_160' title='bbox 447 2415 537 2480; x_wconf 87' lang='lat' dir='ltr'>etiam</span> <span class='ocrx_word' id='word_1_161' title='bbox 557 2415 588 2478; x_wconf 91' lang='lat' dir='ltr'>in</span> <span class='ocrx_word' id='word_1_162' title='bbox 609 2413 717 2478; x_wconf 76' lang='lat' dir='ltr'>cerboli</span> <span class='ocrx_word' id='word_1_163' title='bbox 738 2415 860 2478; x_wconf 86' lang='lat' dir='ltr'>nomine</span> <span class='ocrx_word' id='word_1_164' title='bbox 883 2416 1067 2498; x_wconf 75' lang='lat' dir='ltr'>agnoscenda</span> <span class='ocrx_word' id='word_1_165' title='bbox 1088 2425 1142 2479; x_wconf 89' lang='lat' dir='ltr'>est.</span> <span class='ocrx_word' id='word_1_166' title='bbox 1177 2413 1316 2501; x_wconf 72' lang='grc' dir='ltr'><strong><em>Τιλιτῆν</em></strong></span> <span class='ocrx_word' id='word_1_167' title='bbox 1329 2419 1420 2500; x_wconf 76' lang='lat' dir='ltr'>igitur</span> 
     </span>
     <span class='ocr_line' id='line_1_21' title="bbox 250 2517 1421 2606; baseline 0.001 -22"><span class='ocrx_word' id='word_1_168' title='bbox 250 2519 369 2606; x_wconf 87' lang='lat' dir='ltr'>proprie</span> <span class='ocrx_word' id='word_1_169' title='bbox 389 2519 461 2584; x_wconf 83' lang='lat' dir='ltr'>nihii</span> <span class='ocrx_word' id='word_1_170' title='bbox 483 2517 560 2583; x_wconf 88' lang='lat' dir='ltr'>aliud</span> <span class='ocrx_word' id='word_1_171' title='bbox 582 2535 672 2600; x_wconf 86' lang='lat' dir='ltr'>quarn</span> <span class='ocrx_word' id='word_1_172' title='bbox 693 2517 906 2599; x_wconf 78' lang='lat' dir='ltr'>perfectionem</span> <span class='ocrx_word' id='word_1_173' title='bbox 922 2527 952 2580; x_wconf 90' lang='lat' dir='ltr'>et</span> <span class='ocrx_word' id='word_1_174' title='bbox 965 2519 1252 2582; x_wconf 88' lang='lat' dir='ltr'>consummationem</span> <span class='ocrx_word' id='word_1_175' title='bbox 1268 2532 1421 2585; x_wconf 84' lang='lat' dir='ltr'>sacrorum</span> 
     </span>
     <span class='ocr_line' id='line_1_22' title="bbox 249 2619 1420 2706; baseline 0.001 -19"><span class='ocrx_word' id='word_1_176' title='bbox 249 2625 414 2706; x_wconf 76' lang='lat' dir='ltr'>significare</span> <span class='ocrx_word' id='word_1_177' title='bbox 434 2621 647 2698; x_wconf 79' lang='lat' dir='ltr'>dicemus²³):</span> <span class='ocrx_word' id='word_1_178' title='bbox 670 2627 705 2683; x_wconf 91' lang='lat' dir='ltr'>ut</span> <span class='ocrx_word' id='word_1_179' title='bbox 724 2629 824 2682; x_wconf 90' lang='lat' dir='ltr'>nutem</span> <span class='ocrx_word' id='word_1_180' title='bbox 844 2619 881 2682; x_wconf 91' lang='lat' dir='ltr'>de</span> <span class='ocrx_word' id='word_1_181' title='bbox 900 2621 1014 2684; x_wconf 88' lang='lat' dir='ltr'>arcanis</span> <span class='ocrx_word' id='word_1_182' title='bbox 1034 2621 1223 2703; x_wconf 86' lang='lat' dir='ltr'>potissimum</span> <span class='ocrx_word' id='word_1_183' title='bbox 1243 2631 1274 2684; x_wconf 82' lang='lat' dir='ltr'>et</span> <span class='ocrx_word' id='word_1_184' title='bbox 1289 2625 1420 2706; x_wconf 75' lang='lat' dir='ltr'>mysticis</span> 
     </span>
     <span class='ocr_line' id='line_1_23' title="bbox 251 2721 1419 2809; baseline -0.001 -18"><span class='ocrx_word' id='word_1_185' title='bbox 251 2727 342 2791; x_wconf 88' lang='lat' dir='ltr'>sacris</span> <span class='ocrx_word' id='word_1_186' title='bbox 357 2727 416 2791; x_wconf 86' lang='lat' dir='ltr'>hoo</span> <span class='ocrx_word' id='word_1_187' title='bbox 430 2721 695 2790; x_wconf 87' lang='lat' dir='ltr'>consummationis</span> <span class='ocrx_word' id='word_1_188' title='bbox 709 2721 885 2786; x_wconf 76' lang='lat' dir='ltr'>vocabulum</span> <span class='ocrx_word' id='word_1_189' title='bbox 907 2734 1109 2808; x_wconf 78' lang='lat' dir='ltr'>usurparetur,</span> <span class='ocrx_word' id='word_1_190' title='bbox 1130 2735 1285 2809; x_wconf 88' lang='lat' dir='ltr'>propterca</span> <span class='ocrx_word' id='word_1_191' title='bbox 1307 2727 1419 2790; x_wconf 77' lang='lat' dir='ltr'>foetum</span> 
     </span>
     <span class='ocr_line' id='line_1_24' title="bbox 251 2824 1421 2912; baseline -0.001 -18"><span class='ocrx_word' id='word_1_192' title='bbox 251 2849 316 2894; x_wconf 85' lang='lat' dir='ltr'>esse</span> <span class='ocrx_word' id='word_1_193' title='bbox 331 2829 467 2903; x_wconf 84' lang='lat' dir='ltr'>arbitror,</span> <span class='ocrx_word' id='word_1_194' title='bbox 488 2827 568 2910; x_wconf 78' lang='lat' dir='ltr'>qstod</span> <span class='ocrx_word' id='word_1_195' title='bbox 584 2826 691 2890; x_wconf 89' lang='lat' dir='ltr'>horum</span> <span class='ocrx_word' id='word_1_196' title='bbox 708 2843 814 2888; x_wconf 87' lang='lat' dir='ltr'>omnes</span> <span class='ocrx_word' id='word_1_197' title='bbox 828 2824 904 2888; x_wconf 89' lang='lat' dir='ltr'>ritus</span> <span class='ocrx_word' id='word_1_198' title='bbox 920 2833 1008 2907; x_wconf 81' lang='lat' dir='ltr'>atque</span> <span class='ocrx_word' id='word_1_199' title='bbox 1024 2826 1219 2891; x_wconf 77' lang='lat' dir='ltr'>caerimoniae</span> <span class='ocrx_word' id='word_1_200' title='bbox 1234 2829 1421 2912; x_wconf 84' lang='lat' dir='ltr'>praecipuam</span> 
     </span>
     <span class='ocr_line' id='line_1_25' title="bbox 252 2927 1422 3018; baseline -0.003 -21"><span class='ocrx_word' id='word_1_201' title='bbox 252 2934 401 3018; x_wconf 83' lang='lat' dir='ltr'>quandam</span> <span class='ocrx_word' id='word_1_202' title='bbox 416 2929 642 2995; x_wconf 74' lang='lat' dir='ltr'>sanctimoniam</span> <span class='ocrx_word' id='word_1_203' title='bbox 658 2927 765 2991; x_wconf 84' lang='lat' dir='ltr'>habere</span> <span class='ocrx_word' id='word_1_204' title='bbox 781 2927 912 3010; x_wconf 86' lang='lat' dir='ltr'>nihilque</span> <span class='ocrx_word' id='word_1_205' title='bbox 927 2946 1033 2992; x_wconf 90' lang='lat' dir='ltr'>eorum</span> <span class='ocrx_word' id='word_1_206' title='bbox 1049 2931 1126 2994; x_wconf 80' lang='lat' dir='ltr'>salva</span> <span class='ocrx_word' id='word_1_207' title='bbox 1138 2931 1277 3012; x_wconf 74' lang='lat' dir='ltr'>religione</span> <span class='ocrx_word' id='word_1_208' title='bbox 1290 2941 1422 3014; x_wconf 88' lang='lat' dir='ltr'>praeter-</span> 
     </span>
     <span class='ocr_line' id='line_1_26' title="bbox 252 3031 1422 3120; baseline -0.002 -20"><span class='ocrx_word' id='word_1_209' title='bbox 252 3037 329 3100; x_wconf 92' lang='lat' dir='ltr'>mitti</span> <span class='ocrx_word' id='word_1_210' title='bbox 347 3054 453 3120; x_wconf 86' lang='lat' dir='ltr'>posse,</span> <span class='ocrx_word' id='word_1_211' title='bbox 479 3033 533 3096; x_wconf 89' lang='lat' dir='ltr'>sed</span> <span class='ocrx_word' id='word_1_212' title='bbox 555 3033 592 3096; x_wconf 86' lang='lat' dir='ltr'>ad</span> <span class='ocrx_word' id='word_1_213' title='bbox 612 3031 902 3096; x_wconf 87' lang='lat' dir='ltr'>consummationem</span> <span class='ocrx_word' id='word_1_214' title='bbox 925 3031 1036 3118; x_wconf 89' lang='lat' dir='ltr'>pariter</span> <span class='ocrx_word' id='word_1_215' title='bbox 1056 3033 1156 3096; x_wconf 91' lang='lat' dir='ltr'>omnia</span> <span class='ocrx_word' id='word_1_216' title='bbox 1176 3035 1339 3096; x_wconf 84' lang='lat' dir='ltr'>neccssaria</span> <span class='ocrx_word' id='word_1_217' title='bbox 1357 3054 1422 3098; x_wconf 86' lang='lat' dir='ltr'>esso</span> 
     </span>
     <span class='ocr_line' id='line_1_27' title="bbox 251 3131 1422 3202; baseline -0.002 -1"><span class='ocrx_word' id='word_1_218' title='bbox 251 3139 431 3202; x_wconf 84' lang='lat' dir='ltr'>siderentur.</span> <span class='ocrx_word' id='word_1_219' title='bbox 475 3135 550 3198; x_wconf 79' lang='lat' dir='ltr'>Nam</span> <span class='ocrx_word' id='word_1_220' title='bbox 573 3131 603 3196; x_wconf 94' lang='lat' dir='ltr'>in</span> <span class='ocrx_word' id='word_1_221' title='bbox 629 3133 694 3196; x_wconf 82' lang='lat' dir='ltr'>aliis</span> <span class='ocrx_word' id='word_1_222' title='bbox 718 3133 811 3196; x_wconf 87' lang='lat' dir='ltr'>sacris</span> <span class='ocrx_word' id='word_1_223' title='bbox 832 3133 1030 3196; x_wconf 82' lang='lat' dir='ltr'>multandam</span> <span class='ocrx_word' id='word_1_224' title='bbox 1051 3135 1151 3197; x_wconf 89' lang='lat' dir='ltr'>minus</span> <span class='ocrx_word' id='word_1_225' title='bbox 1173 3137 1338 3198; x_wconf 85' lang='lat' dir='ltr'>necessaria</span> <span class='ocrx_word' id='word_1_226' title='bbox 1360 3135 1422 3200; x_wconf 87' lang='lat' dir='ltr'>dori</span> 
     </span>
     <span class='ocr_line' id='line_1_28' title="bbox 253 3233 1423 3320; baseline -0.003 -17"><span class='ocrx_word' id='word_1_227' title='bbox 253 3241 398 3312; x_wconf 84' lang='lat' dir='ltr'>solebant,</span> <span class='ocrx_word' id='word_1_228' title='bbox 424 3255 499 3320; x_wconf 85' lang='lat' dir='ltr'>quae</span> <span class='ocrx_word' id='word_1_229' title='bbox 521 3246 623 3300; x_wconf 86' lang='lat' dir='ltr'>utrum</span> <span class='ocrx_word' id='word_1_230' title='bbox 649 3235 788 3299; x_wconf 85' lang='lat' dir='ltr'>abessent</span> <span class='ocrx_word' id='word_1_231' title='bbox 813 3253 852 3298; x_wconf 87' lang='lat' dir='ltr'>an</span> <span class='ocrx_word' id='word_1_232' title='bbox 877 3235 1015 3297; x_wconf 82' lang='lat' dir='ltr'>adessent</span> <span class='ocrx_word' id='word_1_233' title='bbox 1041 3233 1077 3298; x_wconf 89' lang='lat' dir='ltr'>ad</span> <span class='ocrx_word' id='word_1_234' title='bbox 1102 3254 1252 3300; x_wconf 86' lang='lat' dir='ltr'>summam</span> <span class='ocrx_word' id='word_1_235' title='bbox 1274 3254 1338 3299; x_wconf 89' lang='lat' dir='ltr'>rem</span> <span class='ocrx_word' id='word_1_236' title='bbox 1360 3253 1423 3300; x_wconf 92' lang='lat' dir='ltr'>non</span> 
     </span>
     <span class='ocr_line' id='line_1_29' title="bbox 254 3337 1423 3424; baseline -0.003 -19"><span class='ocrx_word' id='word_1_237' title='bbox 254 3359 432 3424; x_wconf 77' lang='lat' dir='ltr'>magnopere</span> <span class='ocrx_word' id='word_1_238' title='bbox 453 3339 602 3402; x_wconf 85' lang='lat' dir='ltr'>intererat.</span> <span class='ocrx_word' id='word_1_239' title='bbox 642 3337 676 3401; x_wconf 83' lang='lat' dir='ltr'>ln</span> <span class='ocrx_word' id='word_1_240' title='bbox 701 3337 811 3420; x_wconf 86' lang='lat' dir='ltr'>quibus</span> <span class='ocrx_word' id='word_1_241' title='bbox 833 3345 933 3402; x_wconf 87' lang='lat' dir='ltr'>autem</span> <span class='ocrx_word' id='word_1_242' title='bbox 956 3337 1028 3400; x_wconf 84' lang='lat' dir='ltr'>nihil</span> <span class='ocrx_word' id='word_1_243' title='bbox 1053 3355 1114 3400; x_wconf 92' lang='lat' dir='ltr'>non</span> <span class='ocrx_word' id='word_1_244' title='bbox 1140 3357 1257 3402; x_wconf 88' lang='lat' dir='ltr'>summa</span> <span class='ocrx_word' id='word_1_245' title='bbox 1283 3338 1423 3421; x_wconf 76' lang='lat' dir='ltr'>reiigione</span> 
     </span>
     <span class='ocr_line' id='line_1_30' title="bbox 255 3439 1423 3527; baseline -0.003 -19"><span class='ocrx_word' id='word_1_246' title='bbox 255 3441 483 3518; x_wconf 81' lang='lat' dir='ltr'>obserrmdum,</span> <span class='ocrx_word' id='word_1_247' title='bbox 499 3449 529 3506; x_wconf 87' lang='lat' dir='ltr'>et</span> <span class='ocrx_word' id='word_1_248' title='bbox 543 3458 671 3526; x_wconf 87' lang='lat' dir='ltr'>quorum</span> <span class='ocrx_word' id='word_1_249' title='bbox 685 3440 767 3505; x_wconf 87' lang='lat' dir='ltr'>nulla</span> <span class='ocrx_word' id='word_1_250' title='bbox 777 3459 846 3527; x_wconf 87' lang='lat' dir='ltr'>pars</span> <span class='ocrx_word' id='word_1_251' title='bbox 861 3440 985 3505; x_wconf 92' lang='lat' dir='ltr'>minoris</span> <span class='ocrx_word' id='word_1_252' title='bbox 1000 3439 1036 3504; x_wconf 90' lang='lat' dir='ltr'>ad</span> <span class='ocrx_word' id='word_1_253' title='bbox 1050 3441 1338 3506; x_wconf 87' lang='lat' dir='ltr'>consummationem</span> <span class='ocrx_word' id='word_1_254' title='bbox 1354 3460 1423 3504; x_wconf 92' lang='lat' dir='ltr'>mo-</span> 
     </span>
    </p>
   </div>
   <div class='ocr_carea' id='block_1_3' title="bbox 255 3563 457 3580">
    <p class='ocr_par' dir='ltr' id='par_1_5' title="bbox 255 3563 457 3580">
     <span class='ocr_line' id='line_1_31' title="bbox 255 3563 457 3580; baseline -0.01 0"><span class='ocrx_word' id='word_1_255' title='bbox 255 3563 457 3580; x_wconf 72' lang='lat' dir='ltr'>——n-</span> 
     </span>
    </p>
   </div>
   <div class='ocr_carea' id='block_1_4' title="bbox 256 3627 1428 4467">
    <p class='ocr_par' dir='ltr' id='par_1_6' title="bbox 256 3627 1423 3786">
     <span class='ocr_line' id='line_1_32' title="bbox 322 3627 1423 3698; baseline 0 -16"><span class='ocrx_word' id='word_1_256' title='bbox 322 3629 366 3690; x_wconf 74' lang='lat'>²2)</span> <span class='ocrx_word' id='word_1_257' title='bbox 385 3627 435 3684; x_wconf 80' lang='lat' dir='ltr'>des</span> <span class='ocrx_word' id='word_1_258' title='bbox 456 3637 517 3684; x_wconf 83' lang='lat' dir='ltr'>aeta</span> <span class='ocrx_word' id='word_1_259' title='bbox 537 3637 592 3696; x_wconf 87' lang='lat' dir='ltr'>est,</span> <span class='ocrx_word' id='word_1_260' title='bbox 613 3628 735 3697; x_wconf 81' lang='lat' dir='ltr'>inprimis</span> <span class='ocrx_word' id='word_1_261' title='bbox 751 3644 767 3683; x_wconf 81' lang='lat' dir='ltr'>e</span> <span class='ocrx_word' id='word_1_262' title='bbox 784 3629 943 3684; x_wconf 80' lang='lat' dir='ltr'>Phaaodemo</span> <span class='ocrx_word' id='word_1_263' title='bbox 961 3628 1025 3698; x_wconf 81' lang='lat' dir='ltr'>apud</span> <span class='ocrx_word' id='word_1_264' title='bbox 1041 3627 1199 3684; x_wconf 66' lang='lat' dir='ltr'>nucam-</span> <span class='ocrx_word' id='word_1_265' title='bbox 1216 3627 1252 3697; x_wconf 82' lang='lat' dir='ltr'>X,</span> <span class='ocrx_word' id='word_1_266' title='bbox 1269 3629 1303 3684; x_wconf 76' lang='lat' dir='ltr'>dd</span> <span class='ocrx_word' id='word_1_267' title='bbox 1321 3645 1346 3698; x_wconf 81' lang='lat' dir='ltr'>p.</span> <span class='ocrx_word' id='word_1_268' title='bbox 1363 3629 1423 3682; x_wconf 74' lang='lat' dir='ltr'>iti.</span> 
     </span>
     <span class='ocr_line' id='line_1_33' title="bbox 256 3713 1160 3786; baseline -0.003 -15"><span class='ocrx_word' id='word_1_269' title='bbox 256 3716 340 3771; x_wconf 71' lang='lat' dir='ltr'>Sobel.</span> <span class='ocrx_word' id='word_1_270' title='bbox 354 3715 486 3785; x_wconf 74' lang='lat' dir='ltr'>Aristoph.</span> <span class='ocrx_word' id='word_1_271' title='bbox 499 3717 562 3770; x_wconf 76' lang='grc' dir='ltr'><strong><em>λιιι</em></strong></span> <span class='ocrx_word' id='word_1_272' title='bbox 575 3731 600 3770; x_wconf 83' lang='grc' dir='ltr'>τ.</span> <span class='ocrx_word' id='word_1_273' title='bbox 613 3715 663 3769; x_wconf 80' lang='grc'>972</span> <span class='ocrx_word' id='word_1_274' title='bbox 676 3716 758 3783; x_wconf 78' lang='lat' dir='ltr'>(ted).</span> <span class='ocrx_word' id='word_1_275' title='bbox 783 3715 912 3770; x_wconf 82' lang='lat' dir='ltr'>Plutarch.</span> <span class='ocrx_word' id='word_1_276' title='bbox 925 3733 966 3786; x_wconf 79' lang='lat' dir='ltr'>qu</span> <span class='ocrx_word' id='word_1_277' title='bbox 980 3731 1061 3786; x_wconf 70' lang='lat' dir='ltr'>symp.</span> <span class='ocrx_word' id='word_1_278' title='bbox 1073 3713 1105 3782; x_wconf 83' lang='lat' dir='ltr'>tt,</span> <span class='ocrx_word' id='word_1_279' title='bbox 1119 3715 1160 3768; x_wconf 85' lang='lat' dir='ltr'>td.</span> 
     </span>
    </p>

    <p class='ocr_par' dir='ltr' id='par_1_7' title="bbox 256 3800 1428 4467">
     <span class='ocr_line' id='line_1_34' title="bbox 322 3800 1424 3871; baseline 0.002 -17"><span class='ocrx_word' id='word_1_280' title='bbox 322 3803 366 3869; x_wconf 79' lang='grc'>23)</span> <span class='ocrx_word' id='word_1_281' title='bbox 384 3803 455 3856; x_wconf 79' lang='lat' dir='ltr'>iisse</span> <span class='ocrx_word' id='word_1_282' title='bbox 471 3803 680 3871; x_wconf 65' lang='lat' dir='ltr'>significationen</span> <span class='ocrx_word' id='word_1_283' title='bbox 697 3805 775 3858; x_wconf 80' lang='lat' dir='ltr'>etiam</span> <span class='ocrx_word' id='word_1_284' title='bbox 792 3806 825 3858; x_wconf 79' lang='lat' dir='ltr'>ab</span> <span class='ocrx_word' id='word_1_285' title='bbox 841 3804 925 3858; x_wconf 79' lang='lat' dir='ltr'>altero</span> <span class='ocrx_word' id='word_1_286' title='bbox 943 3801 1068 3858; x_wconf 79' lang='grc' dir='ltr'><strong><em>νοιιλιιιΙσ</em></strong></span> <span class='ocrx_word' id='word_1_287' title='bbox 1086 3802 1165 3860; x_wconf 69' lang='lat' dir='ltr'>allos</span> <span class='ocrx_word' id='word_1_288' title='bbox 1183 3817 1233 3854; x_wconf 83' lang='lat' dir='ltr'>aua</span> <span class='ocrx_word' id='word_1_289' title='bbox 1244 3800 1353 3855; x_wconf 79' lang='lat' dir='ltr'>alicuem</span> <span class='ocrx_word' id='word_1_290' title='bbox 1366 3817 1424 3858; x_wconf 81' lang='grc' dir='ltr'><strong><em>τιτι</em></strong></span> 
     </span>
     <span class='ocr_line' id='line_1_35' title="bbox 256 3885 1425 3958; baseline 0.003 -18"><span class='ocrx_word' id='word_1_291' title='bbox 256 3889 300 3941; x_wconf 81' lang='lat' dir='ltr'>vix</span> <span class='ocrx_word' id='word_1_292' title='bbox 316 3895 357 3941; x_wconf 86' lang='lat' dir='ltr'>est</span> <span class='ocrx_word' id='word_1_293' title='bbox 373 3891 439 3958; x_wconf 80' lang='lat' dir='ltr'>qaod</span> <span class='ocrx_word' id='word_1_294' title='bbox 457 3906 578 3943; x_wconf 82' lang='grc' dir='ltr'><strong><em>τιοιιιιιιι.</em></strong></span> <span class='ocrx_word' id='word_1_295' title='bbox 604 3889 683 3958; x_wconf 75' lang='lat' dir='ltr'>Quam</span> <span class='ocrx_word' id='word_1_296' title='bbox 700 3892 734 3943; x_wconf 85' lang='grc' dir='ltr'>σΙι</span> <span class='ocrx_word' id='word_1_297' title='bbox 746 3906 799 3944; x_wconf 81' lang='lat' dir='ltr'>rear</span> <span class='ocrx_word' id='word_1_298' title='bbox 812 3908 861 3944; x_wconf 86' lang='lat' dir='ltr'>non</span> <span class='ocrx_word' id='word_1_299' title='bbox 874 3887 1120 3954; x_wconf 63' lang='lat' dir='ltr'>scientiaomnium</span> <span class='ocrx_word' id='word_1_300' title='bbox 1132 3885 1195 3952; x_wconf 70' lang='lat' dir='ltr'>stin</span> <span class='ocrx_word' id='word_1_301' title='bbox 1208 3902 1382 3956; x_wconf 78' lang='lat' dir='ltr'>nonnunquam</span> <span class='ocrx_word' id='word_1_302' title='bbox 1394 3905 1425 3944; x_wconf 82' lang='grc' dir='ltr'>τι</span> 
     </span>
     <span class='ocr_line' id='line_1_36' title="bbox 256 3967 1424 4043; baseline 0.002 -19"><span class='ocrx_word' id='word_1_303' title='bbox 256 3973 315 4038; x_wconf 82' lang='lat' dir='ltr'>dici,</span> <span class='ocrx_word' id='word_1_304' title='bbox 327 3989 392 4040; x_wconf 76' lang='lat' dir='ltr'>quas</span> <span class='ocrx_word' id='word_1_305' title='bbox 403 3973 468 4028; x_wconf 79' lang='lat' dir='ltr'>adias</span> <span class='ocrx_word' id='word_1_306' title='bbox 480 3976 585 4028; x_wconf 82' lang='grc' dir='ltr'><strong><em>τιλιταλ</em></strong></span> <span class='ocrx_word' id='word_1_307' title='bbox 597 3975 681 4043; x_wconf 75' lang='lat' dir='ltr'>potins</span> <span class='ocrx_word' id='word_1_308' title='bbox 694 3975 744 4028; x_wconf 87' lang='lat' dir='ltr'>dici</span> <span class='ocrx_word' id='word_1_309' title='bbox 756 3973 849 4040; x_wconf 81' lang='lat' dir='ltr'>soleat,</span> <span class='ocrx_word' id='word_1_310' title='bbox 861 3973 933 4028; x_wconf 81' lang='lat' dir='ltr'>velat</span> <span class='ocrx_word' id='word_1_311' title='bbox 943 3991 984 4043; x_wconf 86' lang='lat' dir='ltr'>sp.</span> <span class='ocrx_word' id='word_1_312' title='bbox 996 3969 1145 4040; x_wconf 76' lang='lat' dir='ltr'>Sophoclem</span> <span class='ocrx_word' id='word_1_313' title='bbox 1158 3971 1221 4024; x_wconf 77' lang='lat' dir='ltr'>(iad.</span> <span class='ocrx_word' id='word_1_314' title='bbox 1235 3967 1290 4024; x_wconf 82' lang='lat' dir='ltr'>Coi.</span> <span class='ocrx_word' id='word_1_315' title='bbox 1305 3987 1331 4023; x_wconf 89' lang='grc' dir='ltr'>ν.</span> <span class='ocrx_word' id='word_1_316' title='bbox 1345 3973 1424 4026; x_wconf 70' lang='lat' dir='ltr'>tonte</span> 
     </span>
     <span class='ocr_line' id='line_1_37' title="bbox 257 4043 1425 4130; baseline -0.003 -18"><span class='ocrx_word' id='word_1_317' title='bbox 257 4043 292 4112; x_wconf 81' lang='lat' dir='ltr'>od</span> <span class='ocrx_word' id='word_1_318' title='bbox 312 4053 426 4111; x_wconf 84' lang='grc' dir='ltr'><strong><em>νιότιιιιι</em></strong></span> <span class='ocrx_word' id='word_1_319' title='bbox 451 4057 541 4130; x_wconf 73' lang='lat' dir='ltr'>aspari</span> <span class='ocrx_word' id='word_1_320' title='bbox 563 4061 745 4124; x_wconf 71' lang='grc' dir='ltr'><strong><em>τισανοῠντιιι</em></strong></span> <span class='ocrx_word' id='word_1_321' title='bbox 765 4061 830 4126; x_wconf 61' lang='lat' dir='ltr'>ast,</span> <span class='ocrx_word' id='word_1_322' title='bbox 850 4063 1011 4123; x_wconf 71' lang='lat' dir='ltr'>demadem,</span> <span class='ocrx_word' id='word_1_323' title='bbox 1036 4045 1077 4110; x_wconf 70' lang='lat' dir='ltr'>sir</span> <span class='ocrx_word' id='word_1_324' title='bbox 1097 4055 1145 4108; x_wconf 82' lang='grc' dir='ltr'>ταλ</span> <span class='ocrx_word' id='word_1_325' title='bbox 1161 4055 1271 4124; x_wconf 69' lang='grc' dir='ltr'><strong><em>χρυσία</em></strong></span> <span class='ocrx_word' id='word_1_326' title='bbox 1292 4053 1357 4128; x_wconf 71' lang='grc' dir='ltr'><strong><em>τλῇς</em></strong></span> <span class='ocrx_word' id='word_1_327' title='bbox 1376 4053 1425 4110; x_wconf 81' lang='lat' dir='ltr'>nn</span> 
     </span>
     <span class='ocr_line' id='line_1_38' title="bbox 256 4137 1427 4216; baseline -0.002 -22"><span class='ocrx_word' id='word_1_328' title='bbox 256 4137 372 4212; x_wconf 71' lang='grc' dir='ltr'><strong><em>γλιλσσα</em></strong></span> <span class='ocrx_word' id='word_1_329' title='bbox 390 4142 489 4210; x_wconf 68' lang='lat' dir='ltr'>mm</span> <span class='ocrx_word' id='word_1_330' title='bbox 506 4139 683 4213; x_wconf 76' lang='grc' dir='ltr'><strong><em>προσπόλον</em></strong></span> <span class='ocrx_word' id='word_1_331' title='bbox 695 4141 897 4216; x_wconf 71' lang='grc' dir='ltr'><strong><em>Εὖμσλνιιδᾶν,</em></strong></span> <span class='ocrx_word' id='word_1_332' title='bbox 909 4145 941 4197; x_wconf 86' lang='lat' dir='ltr'>ad</span> <span class='ocrx_word' id='word_1_333' title='bbox 958 4159 1031 4214; x_wconf 76' lang='lat' dir='ltr'>quen</span> <span class='ocrx_word' id='word_1_334' title='bbox 1048 4143 1131 4196; x_wconf 80' lang='lat' dir='ltr'>tesan</span> <span class='ocrx_word' id='word_1_335' title='bbox 1149 4140 1230 4194; x_wconf 81' lang='lat' dir='ltr'>schel.</span> <span class='ocrx_word' id='word_1_336' title='bbox 1246 4139 1309 4204; x_wconf 73' lang='grc' dir='ltr'><strong><em>τλλη</em></strong></span> <span class='ocrx_word' id='word_1_337' title='bbox 1329 4137 1360 4192; x_wconf 82' lang='lat' dir='ltr'>dt</span> <span class='ocrx_word' id='word_1_338' title='bbox 1378 4138 1427 4200; x_wconf 78' lang='grc' dir='ltr'>τὰς</span> 
     </span>
     <span class='ocr_line' id='line_1_39' title="bbox 257 4219 1426 4303; baseline 0.001 -25"><span class='ocrx_word' id='word_1_339' title='bbox 257 4219 379 4284; x_wconf 72' lang='lat' dir='ltr'>retardes</span> <span class='ocrx_word' id='word_1_340' title='bbox 397 4228 443 4279; x_wconf 77' lang='lat' dir='ltr'>sat</span> <span class='ocrx_word' id='word_1_341' title='bbox 454 4224 612 4298; x_wconf 74' lang='grc' dir='ltr'><strong><em>Αλσχιὶλστ·</em></strong></span> <span class='ocrx_word' id='word_1_342' title='bbox 631 4223 757 4300; x_wconf 64' lang='grc' dir='ltr'><strong><em>Ἥρας’,</em></strong></span> <span class='ocrx_word' id='word_1_343' title='bbox 773 4225 830 4303; x_wconf 76' lang='lat' dir='ltr'>ipsi</span> <span class='ocrx_word' id='word_1_344' title='bbox 847 4226 879 4284; x_wconf 81' lang='lat' dir='ltr'>dt</span> <span class='ocrx_word' id='word_1_345' title='bbox 896 4227 981 4284; x_wconf 79' lang='lat' dir='ltr'>redde</span> <span class='ocrx_word' id='word_1_346' title='bbox 996 4225 1137 4300; x_wconf 70' lang='lat' dir='ltr'>peccesne</span> <span class='ocrx_word' id='word_1_347' title='bbox 1149 4224 1251 4282; x_wconf 74' lang='lat' dir='ltr'>addans.</span> <span class='ocrx_word' id='word_1_348' title='bbox 1276 4223 1337 4278; x_wconf 81' lang='lat' dir='ltr'>item</span> <span class='ocrx_word' id='word_1_349' title='bbox 1350 4225 1426 4294; x_wconf 66' lang='grc' dir='ltr'>ὅσοι</span> 
     </span>
     <span class='ocr_line' id='line_1_40' title="bbox 258 4307 1428 4386; baseline 0.004 -25"><span class='ocrx_word' id='word_1_350' title='bbox 258 4307 292 4362; x_wconf 81' lang='lat' dir='ltr'>ir.</span> <span class='ocrx_word' id='word_1_351' title='bbox 307 4323 348 4378; x_wconf 81' lang='lat' dir='ltr'>ap.</span> <span class='ocrx_word' id='word_1_352' title='bbox 362 4309 431 4364; x_wconf 77' lang='lat' dir='ltr'>tum</span> <span class='ocrx_word' id='word_1_353' title='bbox 448 4313 480 4366; x_wconf 83' lang='lat' dir='ltr'>ds</span> <span class='ocrx_word' id='word_1_354' title='bbox 496 4315 555 4366; x_wconf 81' lang='lat' dir='ltr'>aad.</span> <span class='ocrx_word' id='word_1_355' title='bbox 572 4323 641 4384; x_wconf 76' lang='lat' dir='ltr'>post.</span> <span class='ocrx_word' id='word_1_356' title='bbox 660 4331 683 4369; x_wconf 84' lang='lat' dir='ltr'>s.</span> <span class='ocrx_word' id='word_1_357' title='bbox 695 4317 726 4371; x_wconf 78' lang='grc' dir='ltr'>λι</span> <span class='ocrx_word' id='word_1_358' title='bbox 741 4311 780 4376; x_wconf 79' lang='lat' dir='ltr'>sir</span> <span class='ocrx_word' id='word_1_359' title='bbox 794 4311 950 4386; x_wconf 64' lang='grc' dir='ltr'><strong><em>τρισόλβιοι</em></strong></span> <span class='ocrx_word' id='word_1_360' title='bbox 966 4317 1055 4368; x_wconf 72' lang='lat' dir='ltr'>seiros</span> <span class='ocrx_word' id='word_1_361' title='bbox 1068 4309 1187 4380; x_wconf 68' lang='lat' dir='ltr'>postris,</span> <span class='ocrx_word' id='word_1_362' title='bbox 1204 4309 1234 4362; x_wconf 77' lang='grc' dir='ltr'>ολ</span> <span class='ocrx_word' id='word_1_363' title='bbox 1245 4311 1335 4366; x_wconf 80' lang='lat' dir='ltr'>sso&#39;sss</span> <span class='ocrx_word' id='word_1_364' title='bbox 1346 4309 1428 4384; x_wconf 74' lang='grc' dir='ltr'><strong><em>λιρχ·</em></strong></span> 
     </span>
     <span class='ocr_line' id='line_1_41' title="bbox 260 4392 707 4467; baseline 0.016 -21"><span class='ocrx_word' id='word_1_365' title='bbox 260 4392 359 4452; x_wconf 70' lang='grc' dir='ltr'><strong><em>δΙντιτ</em></strong></span> <span class='ocrx_word' id='word_1_366' title='bbox 369 4394 432 4462; x_wconf 74' lang='lat' dir='ltr'>rdtp</span> <span class='ocrx_word' id='word_1_367' title='bbox 442 4392 550 4467; x_wconf 66' lang='grc' dir='ltr'><strong><em>μόλυσ</em></strong></span> <span class='ocrx_word' id='word_1_368' title='bbox 563 4397 592 4458; x_wconf 74' lang='grc' dir='ltr'>λς</span> <span class='ocrx_word' id='word_1_369' title='bbox 602 4397 707 4453; x_wconf 73' lang='grc' dir='ltr'><strong><em>Λῐδον.</em></strong></span> 
     </span>
    </p>
   </div>
   <div class='ocr_carea' id='block_1_5' title="bbox 0 0 1612 4958">
    <p class='ocr_par' dir='ltr' id='par_1_8' title="bbox 0 0 1612 4958">
     <span class='ocr_line' id='line_1_42' title="bbox 0 0 1612 4958; baseline 0 0"><span class='ocrx_word' id='word_1_370' title='bbox 0 0 1612 4958; x_wconf 95' lang='lat' dir='ltr'> </span> 
     </span>
    </p>
   </div>
  </div>
 </body>
</html>
