3266 4958
898 372 940 438 36

334 561 443 646 quihus
457 562 529 626 hoec
543 561 707 627 certamina
723 571 773 626 aut
784 563 925 628 iacturam
937 563 980 627 rei
990 561 1144 626 lumiliaris
1156 567 1208 625 aut
1218 559 1338 625 exilium
1350 569 1402 627 aut
1416 563 1504 627 etiam

334 665 485 729 interitum
500 666 664 730 attulerint.
709 666 805 732 Pauca
825 667 969 751 quaedam
989 667 1025 730 de
1041 663 1256 748 Megarensium
1278 665 1400 730 historia
1415 667 1504 730 ctiam

334 768 374 830 ah
387 768 449 831 aliis
464 769 569 832 tradita
584 777 673 846 sunt;
693 771 745 834 sed
761 771 849 844 nihil,
866 771 946 853 quod
962 770 998 834 ud
1013 769 1192 852 Theognidis
1208 773 1335 834 aetatem
1350 769 1506 833 confiden-

333 877 382 932 ter
395 870 497 934 relerri
512 873 616 954 possit.
642 872 818 956 ¹'l’yrgnnum
833 873 965 938 extitisse
980 873 1117 937 audimus
1138 873 1327 954 Theogenem
1348 872 1506 953 quendam,

335 973 452 1056 Cylonio
466 975 654 1041 Atheniensis
670 997 807 1042 socerum
828 979 950 1060 eiusque
971 985 1132 1042 conatuum
1148 976 1332 1052 adiutorcm3
1347 993 1405 1038 nec
1418 974 1506 1038 dubi-

334 1078 392 1142 tari
405 1089 514 1162 potest,
529 1081 602 1163 quin
624 1082 649 1145 is
665 1082 819 1164 tyrannide
833 1083 946 1164 potitus
961 1081 1000 1145 sit
1015 1081 1129 1163 aliquot
1143 1091 1222 1144 certe
1239 1079 1325 1144 annis
1336 1088 1404 1141 ante
1416 1095 1505 1162 quam

334 1181 438 1264 Cylon,
453 1183 517 1247 eius
531 1185 639 1249 auxilio
654 1186 759 1262 fretus,
775 1185 897 1249 Athenis
912 1185 1038 1268 imperio
1053 1185 1141 1268 potiri
1156 1183 1328 1248 conabatur.
1372 1181 1404 1244 ld
1427 1181 1506 1264 peri·

193 1371 200 1382 .
334 1285 443 1350 tissimi
457 1287 629 1372 chronologi
644 1307 704 1352 non
720 1299 790 1373 post
804 1306 873 1351 ann.
888 1287 951 1352 612
966 1288 1078 1352 iactum
1093 1307 1159 1351 esse
1173 1292 1324 1351 statuunt:
1343 1284 1506 1366 Theogenis

334 1387 425 1470 igitur
438 1391 601 1472 tyrannidis
616 1393 734 1456 initium
750 1393 819 1458 circ.
835 1410 903 1457 aun.
919 1392 982 1456 615
997 1391 1090 1454 luisse
1106 1409 1263 1474 ponemus.
1308 1387 1375 1451 Non
1390 1387 1507 1450 diutur·
1592 1429 1596 1436 .

334 1509 404 1556 nam
418 1493 483 1557 eius
505 1496 687 1576 tyrannidem
707 1497 801 1560 tuisse
826 1517 863 1561 ex
881 1493 1048 1558 Aristotelis
1075 1493 1205 1576 quodam
1231 1493 1297 1556 loco
1324 1491 1506 1572 intelligitur,
1625 1497 1627 1502 ’

334 1593 419 1660 Polit
435 1597 468 1672 v,
483 1596 514 1673 9,
537 1598 589 1673 rt,
603 1598 655 1662 uhi
671 1606 865 1682 posteaquam
880 1598 1015 1662 omnium
1027 1595 1230 1678 longissimam
1242 1593 1506 1677 Orthagoridarum

334 1699 411 1782 apud
426 1699 578 1782 Sicyonios
592 1702 778 1784 tyrannidem
790 1701 880 1765 luisse
892 1701 975 1775 dixit,
986 1718 1061 1781 quae
1073 1699 1130 1763 luit
1140 1707 1262 1762 centum
1273 1698 1336 1762 lere
1347 1717 1505 1774 annorum,

333 1802 403 1867 huic
422 1806 588 1886 proximam
610 1805 840 1888 Cypselidarum,
867 1804 917 1886 qui
941 1813 1003 1867 tres
1017 1807 1048 1866 et
1064 1802 1249 1885 septuaginta
1263 1819 1357 1864 annos
1372 1801 1506 1866 Corinthi

335 1905 528 1988 imperarunt.
544 1907 661 1972 tertiam
677 1908 822 1971 Pisistrati
837 1907 962 1988 eiusque
976 1905 1122 1978 liliorum,
1149 1904 1217 1985 qui,
1243 1921 1424 1986 quamquem
1444 1921 1506 1968 non

335 2025 397 2071 uno
413 2015 528 2084 tenore,
544 2009 675 2092 quinque
689 2017 720 2073 et
735 2009 853 2090 triginta
868 2025 963 2072 annos
975 2005 1097 2070 Athenis
1109 2006 1311 2088 praeludunt,
1327 2010 1363 2070 ex
1376 2007 1504 2088 reliquis,

336 2107 442 2192 inquit,
458 2111 627 2192 longissima
643 2113 700 2175 luit
715 2112 850 2175 llieronis
866 2111 987 2190 eiusque
1002 2107 1102 2172 iratris
1117 2108 1238 2171 Gelonis
1253 2108 1433 2183 dominatio,
1454 2107 1506 2190 qui

335 2209 534 2294 duodeviginti
559 2232 653 2278 annos
678 2214 877 2296 imperarunt3
902 2213 954 2276 sed
982 2213 1139 2294 pleraeque
1159 2210 1328 2292 tyrannides
1342 2211 1505 2274 admodum

336 2311 437 2378 breves
452 2315 589 2379 luerunt:
616 2307 845 2398 ὀλιγοχρόνιαι
869 2311 979 2377 πᾶσαν
1002 2307 1157 2396 γεγόνασι
1180 2309 1360 2388 παντελῶς.
1404 2311 1437 2374 ln
1459 2312 1506 2376 his

336 2414 423 2496 igitur
434 2413 602 2496 παντελῶς
624 2409 870 2500 ὀλιγοχρονίαις
889 2417 979 2480 etiam
999 2415 1164 2496 theagenis
1187 2414 1371 2496 tyrannidem
1397 2433 1506 2479 nume·

336 2519 392 2581 rari
406 2535 526 2582 necem
540 2526 595 2594 est,
618 2539 707 2602 quam
722 2537 783 2582 non
799 2518 962 2601 ignoratam
978 2539 1045 2582 esse
1059 2518 1096 2582 ab
1111 2517 1269 2581 Aristotele
1284 2517 1358 2580 alter
1372 2517 1504 2580 eiusdem

335 2620 400 2684 lihri
414 2622 497 2686 locus
512 2643 538 2686 c.
554 2623 584 2700 4,
600 2623 620 2686 5
637 2623 780 2688 ostendit.
823 2623 883 2686 Sed
899 2641 936 2685 ne
951 2621 1105 2686 illiberales
1120 2621 1284 2696 videamur,
1298 2619 1401 2682 decem
1416 2621 1443 2684 ei
1454 2627 1506 2684 aut

336 2723 421 2786 etiam
437 2724 606 2806 quindecim
622 2743 716 2788 annos
739 2725 952 2789 concedemus:
969 2725 1125 2807 expulsum
1141 2743 1204 2788 esse
1221 2729 1422 2805 consequetur
1436 2725 1505 2788 circ.

336 2843 402 2889 ann.
418 2827 552 2909 60014).
596 2827 743 2910 hquihus
758 2829 900 2911 expulsus
914 2829 953 2892 sit
968 2845 1031 2891 non
1046 2835 1251 2902 memoratum
1272 2827 1324 2890 sed
1340 2845 1433 2908 quum
1449 2847 1505 2909 op·

336 2928 485 2994 timatihus
499 2930 641 2995 intertum
657 2931 748 2994 luisse
760 2939 890 3006 constet,
906 2933 1015 2996 horum
1031 2931 1220 3015 potissimum
1237 2949 1326 3014 opera
1342 2930 1371 2992 id
1393 2931 1505 2994 iactum

338 3050 400 3098 esse
428 3033 626 3098 censebimus.
682 3035 754 3098 Post
789 3034 917 3100 eiectum
945 3035 1153 3118 'llueagcnem‚
1190 3033 1287 3117 inquit
1318 3033 1505 3104 Plutarchus.

339 3134 466 3209 Quaestt.
482 3154 526 3217 gr.
541 3155 568 3200 c.
587 3135 636 3216 18,
651 3137 865 3220 Megarensium
876 3157 925 3202 res
940 3138 1056 3222 publica
1070 3138 1221 3221 paulisper
1234 3137 1387 3200 moderate
1402 3145 1432 3198 et
1442 3135 1507 3218 pla-

341 3237 402 3301 cide
415 3238 610 3315 uectabatur,
634 3259 705 3304 mon
720 3249 819 3306 autem
835 3241 980 3306 excitatus
995 3259 1012 3304 a
1026 3241 1194 3324 demagogis
1209 3240 1337 3324 populus
1352 3239 1506 3320 insurgere

340 3348 439 3406 contra
461 3343 620 3426 optimates
640 3344 781 3428 omnique
800 3345 891 3410 modo
911 3344 949 3409 iis
963 3343 1105 3408 insultare
1119 3345 1287 3428 coepit¹⁶).
1332 3343 1406 3408 lllud
1421 3359 1507 3426 pau-

407 3623 449 3690 te)
467 3623 626 3695 durclerus,
646 3625 712 3680 illst.
724 3635 776 3681 ant.
789 3627 823 3681 tv
835 3645 860 3696 p.
877 3628 920 3693 st,
940 3627 1009 3680 eirca
1025 3641 1084 3678 ann.
1105 3625 1157 3677 hit)
1176 3639 1233 3678 eun
1254 3625 1386 3696 expulsum
1406 3625 1506 3692 statuit,

336 3725 459 3780 qsnnqne
470 3713 505 3780 (p.
517 3712 560 3776 hl)
573 3712 622 3765 1ιιι
633 3713 694 3766 cire.
707 3712 757 3766 625
771 3727 857 3765 rerun
869 3713 976 3782 petitura
986 3727 1044 3766 esse
1056 3711 1133 3782 dicat,
1146 3711 1307 3781 tyrannidem
1317 3713 1371 3764 eina
1383 3727 1506 3764 annorum

335 3793 378 3860 tt,
389 3795 474 3864 itaque
486 3797 565 3850 ranlte
583 3813 656 3867 quana
669 3799 789 3852 llice-onis
801 3807 829 3851 et
840 3795 947 3851 Gelonis
959 3797 1116 3866 longiorem,
1132 3795 1264 3850 Pisistrati
1279 3797 1382 3864 eiusque
1395 3798 1506 3850 iliorum

336 3895 423 3948 paren
443 3879 520 3950 iacit,
542 3885 608 3954 qast
632 3885 705 3938 antis
725 3893 832 3954 prepter
852 3884 1005 3938 Aristotelia
1022 3883 1196 3937 testinnonium
1212 3899 1261 3935 non
1278 3881 1381 3936 uidetur
1402 3883 1507 3936 concedi

335 3979 419 4032 pesse.

407 4051 449 4118 151
467 4052 538 4121 Quod
562 4053 719 4108 Aristoteles
740 4061 874 4120 numeret,
896 4051 974 4120 Pollt.
992 4052 1025 4121 V,
1047 4053 1074 4118 4,
1098 4049 1507 4126 3ιο1γᾶρι1ημιιγυγοί,1νιι

334 4131 468 4204 χριὶμιιι
484 4135 734 4212 hyrummetricus,
755 4136 887 4208 ἐξέβαλον
907 4135 1031 4198 netlode
1054 4136 1112 4192 seir
1131 4141 1291 4210 yrugium,
1312 4133 1364 4195 tae
1384 4133 1508 4197 noticia

339 4213 478 4286 iaetqsev
488 4219 555 4284 rede
565 4221 707 4296 φυγᾰδιις·
725 4225 755 4278 ol
771 4223 803 4278 «ll
819 4219 963 4284 seesima
974 4219 1109 4290 sermm
1118 4219 1281 4296 μαχόμενοι
1292 4220 1344 4278 τὸν
1355 4219 1450 4291 δῆμον
1460 4221 1507 4274 sel

340 4303 512 4372 artemone
521 4306 571 4374 elye
582 4307 756 4382 iter-gyter,
773 4311 899 4364 lacem
911 4319 952 4364 eet
960 4311 992 4364 ιιΙ
1000 4310 1090 4364 hocine
1098 4317 1198 4380 tenpus
1206 4308 1344 4378 perducat,
1356 4323 1388 4360 ιι
1397 4306 1429 4359 att
1437 4305 1507 4360 illan

340 4386 649 4451 ιΙῑιιιιιιινιιιΙιιιι
664 4396 705 4452 ret
720 4395 848 4468 ymnus,
865 4409 930 4466 gnus
945 4395 973 4450 ln
984 4393 1140 4464 multu
1160 4393 1262 4450 medea
1278 4399 1389 4448 aetate·
1408 4389 1508 4446 laeidlt.
