3182 4962
673 439 823 542 *aen-

145 633 279 708 'reiient
294 633 422 700 mundos
437 652 531 717 eoque
543 632 712 718 spectaculo
728 633 822 699 otium
836 649 924 697 suum
940 629 1086 696 obiectare
1102 643 1234 716 possent,
1249 642 1343 698 oete·

163 757 231 802 rum
247 739 332 804 bonis
346 739 529 804 abundarent
545 737 699 812 omnibus,
721 757 796 823 quae
816 737 853 802 ad
874 736 1047 820 explendam
1068 756 1218 800 summam
1233 736 1343 802 beati-

162 842 296 906 tudinem
311 843 501 926 pertinerent
524 841 677 916 Quaenam
692 861 761 904 vero
777 851 806 904 et
820 841 905 904 euius
918 841 1033 924 generis
1049 839 1123 904 iraec
1135 842 1214 906 bona
1229 849 1342 906 essent

163 945 334 1030 explicatius
349 945 386 1008 ab
403 943 532 1026 Epicuro
546 945 658 1008 dictum
673 964 739 1008 esee
761 963 823 1008 non
845 945 949 1008 credo:
971 945 1144 1006 adversariis
1164 957 1284 1021 autem,
1310 945 1341 1009 si

163 1047 307 1112 instarent
327 1067 362 1110 ac
379 1047 416 1110 de
436 1045 509 1110 cibis
529 1047 655 1110 tortarse
675 1047 798 1112 deorum
820 1057 852 1111 et
872 1045 1041 1132 potionibus
1056 1048 1178 1129 aliisque
1193 1046 1222 1110 id
1236 1067 1340 1128 genus

163 1151 269 1226 rebus,
290 1151 397 1235 quibua
411 1151 568 1214 bominum
584 1151 734 1214 ireatitudo
750 1169 848 1214 carere
864 1169 922 1214 norr
938 1159 1052 1234 potest,
1068 1161 1257 1232 quaererent,
1280 1169 1339 1213 re-

163 1256 309 1337 spondere
323 1255 406 1318 iaeiie
422 1254 531 1338 potuit,
552 1253 625 1318 nihii
646 1255 763 1318 obstare
784 1275 843 1336 quo
859 1255 958 1318 minus
972 1254 1061 1317 etiam
1078 1255 1107 1318 in
1122 1254 1339 1316 intermundiis

108 1439 109 1444 ἵ
163 1373 212 1420 res
233 1357 342 1420 multae
363 1366 451 1440 atque
472 1377 613 1422 amoenae
633 1378 699 1421 esse
718 1357 925 1430 truderentur,
947 1357 1053 1420 diversi
1075 1357 1193 1436 qrridem
1213 1356 1338 1437 generis

162 1457 198 1520 ab
215 1457 259 1532 iis,
275 1459 382 1540 quibus
397 1460 533 1524 homines
549 1461 704 1536 fruuntur,
727 1460 778 1524 sed
794 1461 1034 1524 accommodatae
1049 1459 1085 1520 ad
1100 1458 1224 1521 deorum
1241 1471 1336 1522 naru-

162 1577 225 1623 rum
242 1561 509 1644 quasicorpnream.
545 1563 586 1625 tre
601 1563 759 1626 virtutibus
773 1573 883 1635 antem,
905 1562 930 1625 si
945 1562 1011 1644 quis
1026 1562 1062 1622 de
1077 1562 1124 1624 iris
1139 1579 1259 1643 quoqne
1273 1561 1336 1624 sibi

161 1663 307 1725 rationem
324 1664 405 1727 reddi
427 1673 578 1746 posceret,
601 1665 631 1727 in
654 1675 792 1747 pmmprn
815 1670 879 1728 erat
900 1663 969 1747 quid
991 1665 1200 1746 responderet.
1222 1682 1336 1744 nempe

161 1765 297 1827 assentiri
310 1784 342 1827 se
357 1765 476 1846 quidem
492 1766 665 1830 adversariis
680 1767 798 1830 beatum
814 1768 877 1830 sine
890 1767 997 1830 uirtute
1008 1767 1158 1830 neminem
1172 1785 1246 1837 esse.
1258 1765 1333 1828 iliud

162 1875 260 1928 tamen
277 1885 337 1930 non
352 1887 439 1950 posse
454 1870 625 1942 concedere,
647 1880 681 1933 nt
694 1869 730 1932 ad
747 1871 910 1932 burrianum
928 1869 1082 1932 modulum
1098 1869 1222 1932 deorum
1238 1867 1331 1930 ritarn

161 1970 336 2032 metirentur
350 1989 445 2050 neque
459 1971 530 2032 aiias
545 1989 635 2054 qrram
651 1971 759 2054 quibus
774 1972 910 2034 bomines
925 1972 969 2035 uti
983 1971 1092 2034 debent
1107 1972 1136 2033 in
1148 1971 1194 2034 dis
1206 1971 1332 2033 uirtutes

161 2090 226 2134 esse
241 2090 331 2152 posse
345 2080 520 2134 statuerent
553 2073 684 2136 Omnino
706 2073 953 2154 acquiescendum
975 2073 1031 2136 sibi
1046 2073 1137 2136 rideri
1153 2073 1183 2134 in
1198 2093 1235 2136 eo
1250 2072 1332 2154 quod

160 2181 310 2236 constaret
325 2175 478 2236 communi
494 2193 642 2238 consensu
657 2179 940 2257 confirmareturque
951 2185 1029 2238 reeta
1041 2177 1164 2248 ratione,
1179 2195 1246 2237 esse
1256 2173 1333 2237 deos

160 2274 256 2337 iorma
276 2277 405 2340 bumana
425 2277 587 2360 praeditos,
610 2297 735 2360 corpore
757 2289 858 2340 tamen
879 2279 916 2340 ab
936 2277 1073 2340 humanis
1094 2277 1268 2360 corporibus
1289 2277 1331 2339 ita

160 2377 286 2452 diverso,
298 2387 332 2441 ut
344 2396 404 2442 non
417 2379 514 2464 irrepte
526 2379 735 2461 quasi-corpus
747 2389 864 2444 tantum
877 2401 941 2444 esse
953 2382 1107 2454 diceretur,
1123 2398 1213 2462 porro
1227 2379 1331 2442 beatos

159 2499 225 2543 esse
244 2489 274 2543 et
294 2481 477 2544 immortates
494 2481 685 2564 fruentesque
708 2483 795 2564 igitur
815 2481 954 2546 omnibus
976 2483 1076 2556 bonis,
1100 2501 1175 2566 quae
1196 2493 1319 2545 naturae

159 2602 263 2645 eornm
286 2583 507 2676 accommodata
528 2595 629 2648 essent
652 2595 681 2647 et
707 2585 743 2648 ad
772 2585 982 2650 beatitudinem
1004 2605 1109 2649 eorum
1132 2572 1329 2668 pertinerent'

160 2687 238 2750 iiaec
250 2687 337 2768 igitur
350 2707 382 2751 se
398 2689 522 2764 docere3
538 2688 652 2770 longius
666 2697 765 2751 autern
781 2690 917 2771 progredi
932 2699 962 2752 et
976 2689 1014 2753 de
1025 2689 1147 2772 singuiis
1158 2691 1326 2772 quibusque

159 2790 263 2863 rebus,
294 2807 370 2872 quae
397 2799 448 2852 aut
470 2803 590 2873 agerent
612 2791 640 2854 di
663 2801 714 2854 aut
736 2793 845 2874 quibus
867 2793 1051 2870 frueremur,
1074 2811 1215 2876 quererere
1237 2793 1327 2868 nette,

160 2893 399 2974 quandoquidem
416 2895 558 2976 pervideri
575 2895 645 2958 baeu
658 2903 689 2959 et
703 2895 814 2978 liquido
828 2897 1026 2960 demonsmri
1041 2897 1122 2960 nubo
1134 2897 1225 2960 modo
1240 2916 1327 2982 pom

159 2995 342 3077 inteiiigeret.
376 2996 611 3062 Permittendum
632 2998 720 3081 igitur
740 3008 773 3062 ut
788 3001 824 3064 de
839 3000 894 3073 his,
915 3019 990 3082 quae
1004 3001 1073 3064 seiri
1088 3001 1255 3082 nequirent,
1270 3019 1326 3083 pro

160 3117 215 3162 suo
230 3101 357 3182 quisque
371 3111 459 3184 coptu
475 3103 554 3184 quod
571 3103 698 3166 maxime
714 3101 862 3188 probabile.
877 3113 907 3166 et
922 3123 989 3166 eum
1005 3103 1050 3180 iis,
1071 3104 1107 3166 de
1122 3105 1231 3186 quibus
1245 3109 1327 3168 nerto

164 3211 322 3276 constmet,
339 3215 570 3269 consentaneum
587 3205 741 3280 rideretur,
757 3226 792 3269 ex
807 3207 973 3272 coniectura
988 3227 1089 3271 secum
1103 3207 1165 3291 ipse
1175 3217 1328 3272 statueret.

244 3307 277 3368 in
293 3305 338 3370 bis
353 3317 470 3386 autern,
486 3327 562 3392 quae
576 3309 644 3373 sciri
659 3329 693 3374 ac
708 3309 821 3374 definiri
837 3313 1008 3394 nequirent,
1023 3331 1142 3376 summo
1158 3311 1222 3375 iure
1236 3311 1326 3374 etiam

158 3423 316 3471 numerum
332 3409 456 3474 deornm
473 3431 538 3476 esse
554 3411 677 3476 dicebat.
701 3413 802 3494 Neque
817 3414 895 3476 enim
908 3417 1052 3478 rationem
1067 3435 1142 3490 erse,
1154 3435 1218 3490 eur,
1232 3434 1326 3498 quunr

157 3510 259 3574 mundi
275 3511 504 3577 innumerabiles
519 3521 637 3588 essent,
659 3515 785 3580 deorum
808 3517 837 3580 in
858 3517 1064 3584 intermundiis
1085 3520 1245 3604 multitudo
1266 3537 1326 3584 non

156 3615 228 3680 item
244 3613 465 3680 innumerabilis
480 3639 546 3682 esse
563 3620 747 3695 crederetur,
768 3641 864 3703 noque
886 3624 1011 3688 visiones
1032 3623 1156 3688 deorum
1179 3641 1232 3706 per
1251 3625 1327 3688 irrra-

154 3717 237 3802 gioee
252 3719 359 3785 animis
374 3721 489 3785 oblatas
503 3723 649 3787 eiusmodi
664 3743 743 3796 esse,
759 3721 844 3788 ut‘ad
859 3745 1018 3790 numerum
1035 3739 1237 3792 cernerentur.
1264 3727 1328 3792 tioo

156 3821 281 3886 Velleius
296 3821 366 3887 dicit
380 3825 458 3908 apud
471 3825 642 3890 Ciceronem
658 3847 683 3890 o
700 3827 747 3900 19,
761 3829 819 3904 49;
834 3847 930 3912 neque
945 3831 1030 3896 aliter
1042 3832 1202 3916 Epicurum
1217 3833 1328 3897 dixisse

154 3925 281 3991 arbitror
300 3929 378 4011 apud
395 3929 553 4012 Diogenem
569 3929 604 4006 X,
623 3929 690 4004 139,
713 3949 895 4015 quamquam
910 3935 1052 4000 iricloeus
1068 3935 1254 4000 librariorum
1276 3955 1326 4000 er·

154 4047 221 4094 rore
237 4031 266 4094 in
281 4033 458 4098 contrariam
472 4033 649 4098 sententiam
671 4044 829 4116 corruptus
840 4043 870 4098 et
884 4037 1053 4102 coniectura
1067 4039 1098 4102 in
1112 4039 1262 4122 integrum
1276 4059 1328 4105 re·

154 4132 321 4199 stituondur
336 4147 391 4200 est
437 4137 496 4202 Sed
516 4137 574 4201 hoc
596 4146 697 4221 postea
715 4133 894 4226 ridebimus:
915 4159 996 4206 nuno
1013 4153 1114 4206 autern
1129 4143 1218 4207 iieiiei
1237 4145 1327 4210 rerba

153 4237 416 4316 considerabimus,
432 4241 462 4306 in
481 4241 591 4325 quibus
606 4239 676 4304 iliud
693 4238 829 4321 quidem,
854 4243 936 4324 quod
957 4243 987 4334 di
1007 4245 1043 4308 ad
1064 4264 1226 4312 numerum
1244 4249 1329 4314 cerni

152 4350 312 4420 negantur,
327 4344 531 4424 agnoscimus,
546 4344 659 4424 reliqua
674 4353 774 4404 autem
791 4359 852 4406 non
867 4347 959 4409 modo
975 4348 1154 4430 perobscura
1169 4352 1328 4418 sedetiam

151 4437 196 4502 rio
215 4451 386 4522 comparata
403 4453 487 4517 runt.
507 4453 542 4506 ut
562 4461 662 4508 reram
677 4442 796 4525 Epicuri
811 4447 990 4512 sententiam
1010 4450 1123 4516 retem
1136 4453 1230 4519 rideri
1243 4456 1328 4520 rruiie
