3182 4962
546 529 552 542 x
658 453 809 556 ..en-

147 665 281 723 morsre,
303 647 333 710 in
354 646 410 712 ltac
432 645 622 712 multitudine
643 666 717 730 quae
733 646 770 710 do
784 645 925 729 eligendis
943 645 1114 727 sullragium
1129 645 1206 718 lert,
1226 663 1316 728 quem

148 769 274 832 mugnus
288 752 327 814 sit
344 770 487 816 numerus
502 771 536 814 ea
553 771 589 814 eo
604 769 712 833 genere
726 751 849 824 cisium,
870 769 946 834 quos
966 735 1079 814 veteres
1094 751 1191 832 legum
1207 751 1315 812 latores

148 871 185 916 ne
200 855 230 917 in
245 855 356 918 ciuibus
371 855 490 938 quidem
506 863 586 918 recte
602 855 701 918 haberi
717 855 892 928 indicebant,
909 871 969 918 non
984 873 1044 936 quo
1059 873 1111 916 eos
1127 854 1204 917 siros
1219 852 1315 916 bonos

147 965 176 1021 et
191 957 298 1022 ciuitati
314 958 401 1022 utiles
415 969 503 1042 etque
517 959 700 1022 necessarios
715 979 780 1022 esse
795 967 950 1040 negarent,
969 959 1023 1022 secl
1043 957 1124 1040 quoti
1140 975 1201 1020 non
1217 963 1316 1020 temen

146 1063 190 1126 sic
221 1065 341 1126 allectos
373 1067 462 1145 atque
493 1061 651 1126 instructos
694 1083 761 1128 esse
791 1061 964 1136 censebant,
1002 1071 1037 1126 ut
1069 1080 1132 1125 rem
1168 1060 1314 1146 publicam

147 1166 192 1229 rel
208 1166 330 1231 minima
351 1187 387 1230 es
408 1173 490 1250 parte
511 1186 614 1233 curare
632 1177 712 1233 recto
732 1187 767 1233 ac
786 1167 949 1252 prudenter
966 1177 1098 1250 possent.
1130 1166 1187 1226 Seel
1211 1183 1315 1228 eorum

148 1269 247 1342 ctiam,
262 1271 312 1354 epti
327 1289 388 1334 non
403 1281 475 1336 sunt
488 1291 524 1336 es
540 1273 597 1337 tuoe
610 1291 731 1356 genere,
753 1281 865 1356 quotus
885 1271 1010 1354 quisque
1032 1269 1150 1334 torulum
1173 1279 1233 1344 est,
1254 1267 1315 1352 qui,

149 1393 242 1458 quum
265 1375 300 1438 acl
323 1375 489 1458 eligentium
510 1387 646 1451 vocetur,
668 1395 728 1442 non
747 1379 835 1452 alios,
856 1393 945 1460 quam
966 1393 1095 1458 querunt
1117 1385 1187 1436 note
1207 1373 1264 1456 ipsi
1282 1392 1317 1437 ac

147 1488 301 1564 perspecta
316 1481 409 1544 uirtus
423 1483 471 1554 sit,
486 1481 592 1562 eligere
608 1479 713 1546 curetl
740 1482 836 1546 lmmo
857 1483 941 1564 longe
963 1479 1083 1563 plurimi
1102 1479 1145 1542 sic
1166 1497 1199 1542 sc
1219 1477 1316 1542 ollicio

148 1585 290 1648 euocatis
305 1585 401 1649 lacere
418 1595 534 1668 putant,
555 1585 581 1648 si
602 1585 737 1648 homines
753 1586 807 1649 sibi
829 1586 958 1668 ignmns,
979 1584 1032 1648 seu
1053 1583 1089 1646 nb
1111 1582 1190 1654 aliis,
1210 1583 1316 1664 quilrus

149 1689 237 1750 fidem
254 1687 372 1764 testem,
387 1689 611 1753 commendatos
625 1690 749 1772 eligent:
765 1708 820 1753 neo
834 1689 919 1772 pauci
933 1698 1013 1762 sunt,
1029 1687 1079 1768 qui
1095 1688 1265 1750 rumoribus
1278 1704 1314 1749 ac
1450 1745 1453 1750 .
1495 1725 1502 1733 ·
1525 1641 1543 1692 ι’
1572 1739 1573 1756 r

153 1791 410 1855 vociferationibus
429 1793 659 1873 tlemagogorum
680 1803 731 1854 eut
750 1793 898 1856 schedulis
918 1793 982 1856 istis
1004 1789 1198 1872 turpissimis,
1217 1790 1317 1871 quales

154 1894 285 1976 quotidie
301 1896 412 1957 multae
423 1905 602 1976 sparguntur
612 1913 776 1978 causaeque
788 1893 936 1977 popularis
947 1903 1101 1976 praetextu
1111 1893 1317 1974 inperitorum

153 1997 257 2059 iudicia
273 2009 484 2080 corrumpunt,
508 1997 539 2059 ln
559 2015 692 2060 errorem
712 2017 745 2061 se
761 1999 858 2060 induci
874 1999 1031 2080 patiantur.
1068 1995 1134 2058 Non
1150 1995 1258 2058 mirum
1273 2001 1320 2058 est

152 2099 251 2182 igitur,
267 2099 296 2162 ln
312 2099 392 2163 lrunc
405 2117 589 2172 consessum,
611 2099 662 2181 qui
676 2099 779 2162 salutis
794 2101 927 2182 publicae
942 2117 1029 2162 causa
1044 2098 1223 2160 constitutus
1239 2095 1320 2160 ette-

153 2201 256 2276 batur,
279 2211 341 2266 tam
357 2203 467 2266 multos
482 2201 625 2284 delegari,
645 2219 772 2282 quorum
789 2203 883 2266 bonos
900 2201 978 2264 siros
992 2200 1161 2283 patriaeque
1176 2208 1321 2276 ementes,

154 2305 296 2387 ipsosque
309 2307 383 2369 adeo
399 2307 542 2368 electores
556 2323 627 2369 suos
643 2305 669 2368 si
683 2305 877 2390 resipuerint,
899 2305 1007 2388 pudeat
1021 2304 1192 2386 pigeatque,
1214 2322 1321 2368 eorum

152 2407 272 2490 quinem
288 2417 378 2480 certe,
393 2409 444 2491 qui
456 2425 517 2471 non
528 2407 612 2472 ueriti
628 2417 699 2472 sunt
713 2417 814 2490 operte
831 2408 1013 2472 altemanius
1025 2427 1058 2470 se
1069 2407 1202 2490 proliteri
1214 2406 1320 2470 honori

151 2509 194 2571 rei
210 2507 342 2591 publicae
358 2517 477 2574 nostrae
493 2519 523 2574 et
542 2511 748 2585 incrementis,
770 2529 897 2593 eamque
918 2509 1054 2574 imminui
1075 2509 1112 2571 ab
1133 2509 1269 2572 hostibus
1289 2519 1322 2572 et

152 2611 273 2675 lacerari
288 2613 467 2686 maluerunt,
483 2632 573 2695 quam
585 2613 689 2678 nederc
701 2613 757 2695 ipsi
769 2615 814 2676 his
826 2614 904 2690 siris,
919 2613 1028 2696 quilius
1039 2621 1163 2693 propter
1174 2611 1320 2676 trenatstn

151 2715 249 2777 erllruc
262 2716 425 2779 concitatae
440 2715 636 2779 multitudinis
647 2719 844 2780 temeritatem
857 2735 962 2780 omnes
974 2717 1025 2778 viri
1037 2715 1106 2778 boni
1117 2720 1147 2776 et
1158 2714 1321 2796 prurientes

153 2819 298 2883 honorem
314 2839 349 2883 ac
361 2819 484 2901 gratiam
500 2819 600 2884 eteberi
614 2819 790 2904 intelligunt.
813 2823 871 2885 Sed
886 2821 986 2884 nescio
998 2837 1035 2882 an
1048 2818 1239 2898 mugientium
1251 2817 1323 2882 mali

153 2940 188 2985 ac
202 2923 357 3006 perniciosi
374 2923 559 2988 consultores
578 2923 620 2986 rei
643 2923 776 3006 publicae
797 2925 847 2988 elii
868 2923 995 2989 halsentli
1017 2923 1093 2996 sint,
1116 2923 1168 3005 qui
1189 2921 1322 2988 callidius

152 3025 318 3108 tectiusque
341 3036 448 3109 agunt,
472 3027 604 3108 dumque
625 3046 762 3108 nragnarn
784 3029 894 3111 patriae
914 3029 1064 3093 ceritatem
1085 3026 1183 3090 uerbis
1203 3046 1271 3110 pree
1287 3045 1321 3090 se

154 3127 264 3202 larunt,
281 3131 413 3211 adeoque
428 3129 516 3192 etiem
531 3129 609 3211 regis
623 3149 756 3195 amorem
771 3151 806 3195 ac
820 3133 1039 3196 uenerationem
1053 3129 1206 3204 simulant,
1221 3149 1322 3212 reapse

153 3239 252 3294 tamen
269 3231 340 3294 nihil
350 3231 428 3295 aliud
441 3240 542 3312 egunt,
557 3250 647 3315 quam
660 3241 693 3296 ut
703 3234 777 3298 lalso
788 3234 862 3298 iuris
873 3234 1024 3299 cuiusdam
1037 3243 1189 3314 praetexto
1200 3251 1322 3296 omnem

153 3334 197 3396 rei
212 3333 344 3414 pultlieee
358 3343 469 3398 statum
485 3344 663 3419 pervertant,
686 3345 716 3400 et
735 3336 813 3400 aliud
829 3337 978 3420 quoddam
993 3355 1086 3419 genus
1102 3337 1218 3420 imperii
1232 3335 1323 3401 iniu-

154 3445 231 3510 cnnt,
247 3435 278 3498 in
293 3457 352 3518 quo
367 3439 478 3502 scillcet
492 3439 575 3520 regni
591 3439 633 3502 uis
648 3459 683 3504 ac
698 3449 828 3523 potestas
839 3441 937 3504 omnis
947 3440 1026 3524 eputl
1039 3439 1118 3522 ipsos
1130 3441 1323 3524 ipsorumque

154 3537 314 3602 lectionem
325 3541 373 3602 sit.
400 3539 495 3604 lluius
506 3541 621 3622 generis
633 3543 770 3606 homines
785 3551 878 3626 quutn
894 3545 999 3608 llorere
1011 3543 1210 3606 multitudiuis
1225 3544 1323 3632 levore

25 3639 27 3642 ’
154 3659 191 3704 ex
205 3642 299 3723 iisque
314 3641 503 3724 potissimum
518 3663 569 3707 eos
583 3643 651 3726 eligi
664 3645 759 3708 solere
773 3645 897 3720 rideam,
914 3647 966 3728 qui
981 3646 1017 3708 tle
1029 3663 1192 3710 summare
1206 3647 1322 3726 publica
1377 3657 1381 3662 '

155 3743 334 3818 consultent,
350 3744 428 3807 haud
443 3761 514 3808 sane
530 3765 579 3810 me
593 3746 753 3810 ebltorrere
766 3747 862 3811 fateor
876 3747 913 3810 alr
924 3747 1156 3830 recogitatione,
1171 3757 1206 3810 ut
1217 3749 1322 3812 melius

155 3853 187 3909 et
201 3847 237 3910 ael
253 3846 379 3910 salutem
395 3845 437 3910 rei
452 3848 585 3930 publicae
597 3849 755 3932 optsbilius
765 3849 829 3914 lore
841 3861 955 3938 putem,
969 3851 995 3914 si
1006 3853 1192 3915 consultores
1203 3849 1250 3914 isti
1261 3869 1324 3915 non

156 3947 283 4029 emplius
295 3949 492 4013 multitudinis
502 3951 647 4034 suffragiis
658 3952 711 4016 secl
722 3961 802 4016 sone
813 3964 960 4018 creentur.
987 3953 1061 4016 Nam
1072 3972 1139 4017 sors
1151 3953 1208 4018 lroc
1218 3955 1324 4018 saltent

156 4049 228 4114 honi
244 4050 350 4126 ltabet,
370 4061 405 4116 ut
419 4052 608 4136 cupiditatem
624 4063 654 4117 et
667 4057 864 4120 temeritatem
879 4056 1005 4138 eligendi
1018 4057 1156 4120 excludat
1168 4067 1200 4121 et
1213 4075 1325 4140 aequa·

157 4151 300 4218 bilitatem
323 4155 472 4237 quantiam
493 4156 645 4232 admittat,
667 4157 699 4221 in
722 4177 780 4240 qua
800 4157 869 4223 lieet
887 4161 987 4242 plures
1010 4159 1073 4223 lore
1088 4159 1168 4224 siros
1182 4162 1277 4225 nonos
1290 4179 1326 4226 etc
1354 4145 1361 4158 ’

63 4341 67 4351 ,
97 4293 98 4296 =
158 4255 397 4344 prudentesnon
410 4277 578 4342 speremus,
595 4260 653 4326 loe
668 4269 768 4326 tamen
782 4272 862 4326 eerte
876 4280 937 4327 non
953 4263 993 4328 sit
1008 4264 1181 4340 verendum,
1193 4283 1232 4329 ne
1246 4265 1327 4330 idem

158 4359 280 4436 reddat,
295 4359 375 4444 quot
391 4361 422 4425 in
436 4363 505 4440 ltoe,
518 4383 579 4448 quo
594 4383 675 4430 nunc
686 4365 808 4442 utimur,
823 4365 948 4449 eligendi
959 4365 1050 4432 modo
1060 4367 1193 4435 senuero
1205 4385 1328 4436 necesse

159 4472 216 4539 est,
230 4474 264 4528 ut
277 4463 299 4527 ii
307 4463 497 4546 potissimum
508 4468 663 4552 eligantur,
678 4487 756 4552 quos
767 4469 904 4535 homines
913 4469 1030 4536 norton
1039 4471 1236 4556 etimperitss
1246 4475 1328 4540 rnul-
