<?xml version="1.0" encoding="UTF-8"?>
<!DOCTYPE html PUBLIC "-//W3C//DTD XHTML 1.0 Transitional//EN"
    "http://www.w3.org/TR/xhtml1/DTD/xhtml1-transitional.dtd">
<html xmlns="http://www.w3.org/1999/xhtml" xml:lang="en" lang="en">
 <head>
  <title>
</title>
<meta http-equiv="Content-Type" content="text/html;charset=utf-8" />
  <meta name='ocr-system' content='tesseract 3.04.00' />
  <meta name='ocr-capabilities' content='ocr_page ocr_carea ocr_par ocr_line ocrx_word'/>
</head>
<body>
  <div class='ocr_page' id='page_1' title='image "./opusculaacademi00schgoog_0231.png"; bbox 0 0 3186 4958; ppageno 0'>
   <div class='ocr_carea' id='block_1_1' title="bbox 610 359 760 460">
    <p class='ocr_par' dir='ltr' id='par_1_1' title="bbox 610 359 760 460">
     <span class='ocr_line' id='line_1_1' title="bbox 610 359 760 460; baseline 0 0"><span class='ocrx_word' id='word_1_1' title='bbox 610 359 760 460; x_wconf 49' lang='lat' dir='ltr'>..zo-</span> 
     </span>
    </p>
   </div>
   <div class='ocr_carea' id='block_1_2' title="bbox 96 547 1305 4452">
    <p class='ocr_par' dir='ltr' id='par_1_2' title="bbox 99 547 1290 1960">
     <span class='ocr_line' id='line_1_2' title="bbox 102 547 1268 630; baseline 0.003 -19"><span class='ocrx_word' id='word_1_2' title='bbox 102 549 199 630; x_wconf 79' lang='lat' dir='ltr'>ipsum</span> <span class='ocrx_word' id='word_1_3' title='bbox 220 549 346 613; x_wconf 72' lang='lat' dir='ltr'>lacaniano</span> <span class='ocrx_word' id='word_1_4' title='bbox 366 547 519 613; x_wconf 84' lang='lat' dir='ltr'>ollensioui</span> <span class='ocrx_word' id='word_1_5' title='bbox 538 571 613 626; x_wconf 79' lang='lat' dir='ltr'>eoae,</span> <span class='ocrx_word' id='word_1_6' title='bbox 635 569 695 614; x_wconf 89' lang='lat' dir='ltr'>non</span> <span class='ocrx_word' id='word_1_7' title='bbox 718 549 808 612; x_wconf 75' lang='lat' dir='ltr'>merila</span> <span class='ocrx_word' id='word_1_8' title='bbox 827 567 888 613; x_wconf 89' lang='lat' dir='ltr'>nou</span> <span class='ocrx_word' id='word_1_9' title='bbox 909 549 1021 612; x_wconf 78' lang='lat' dir='ltr'>lliclum</span> <span class='ocrx_word' id='word_1_10' title='bbox 1043 569 1107 612; x_wconf 79' lang='lat' dir='ltr'>ease</span> <span class='ocrx_word' id='word_1_11' title='bbox 1124 569 1140 612; x_wconf 90' lang='lat' dir='ltr'>a</span> <span class='ocrx_word' id='word_1_12' title='bbox 1155 550 1268 627; x_wconf 78' lang='lat' dir='ltr'>Tacito,</span> 
     </span>
     <span class='ocr_line' id='line_1_3' title="bbox 102 651 1266 737; baseline 0.002 -25"><span class='ocrx_word' id='word_1_13' title='bbox 102 652 179 733; x_wconf 79' lang='grc' dir='ltr'><strong>(μιυιΙ</strong></span> <span class='ocrx_word' id='word_1_14' title='bbox 195 653 230 715; x_wconf 76' lang='lat' dir='ltr'>ael</span> <span class='ocrx_word' id='word_1_15' title='bbox 247 651 481 737; x_wconf 60' lang='lat' dir='ltr'>gnomoniciemlum</span> <span class='ocrx_word' id='word_1_16' title='bbox 498 653 578 714; x_wconf 87' lang='lat' dir='ltr'>illum</span> <span class='ocrx_word' id='word_1_17' title='bbox 600 671 709 716; x_wconf 82' lang='lat' dir='ltr'>nexum</span> <span class='ocrx_word' id='word_1_18' title='bbox 731 653 851 730; x_wconf 73' lang='lat' dir='ltr'>intelligi</span> <span class='ocrx_word' id='word_1_19' title='bbox 872 669 992 714; x_wconf 79' lang='lat' dir='ltr'>necesso</span> <span class='ocrx_word' id='word_1_20' title='bbox 1011 653 1067 725; x_wconf 78' lang='lat' dir='ltr'>cil,</span> <span class='ocrx_word' id='word_1_21' title='bbox 1088 651 1139 713; x_wconf 72' lang='lat' dir='ltr'>ou</span> <span class='ocrx_word' id='word_1_22' title='bbox 1155 653 1266 716; x_wconf 78' lang='lat' dir='ltr'>elicium</span> 
     </span>
     <span class='ocr_line' id='line_1_4' title="bbox 100 755 1266 837; baseline 0.002 -22"><span class='ocrx_word' id='word_1_23' title='bbox 100 755 200 827; x_wconf 84' lang='lat' dir='ltr'>eliam,</span> <span class='ocrx_word' id='word_1_24' title='bbox 216 757 296 837; x_wconf 78' lang='lat' dir='ltr'>quod</span> <span class='ocrx_word' id='word_1_25' title='bbox 312 755 429 818; x_wconf 83' lang='lat' dir='ltr'>locloris</span> <span class='ocrx_word' id='word_1_26' title='bbox 443 755 576 818; x_wconf 81' lang='lat' dir='ltr'>auiuanm</span> <span class='ocrx_word' id='word_1_27' title='bbox 591 755 647 817; x_wconf 92' lang='lat' dir='ltr'>alio</span> <span class='ocrx_word' id='word_1_28' title='bbox 662 766 772 818; x_wconf 72' lang='lat' dir='ltr'>calloel.</span> <span class='ocrx_word' id='word_1_29' title='bbox 801 755 874 816; x_wconf 81' lang='lat' dir='ltr'>Nam</span> <span class='ocrx_word' id='word_1_30' title='bbox 890 775 983 836; x_wconf 80' lang='lat' dir='ltr'>queem</span> <span class='ocrx_word' id='word_1_31' title='bbox 1000 755 1172 817; x_wconf 69' lang='lat' dir='ltr'>ailo-ersus</span> <span class='ocrx_word' id='word_1_32' title='bbox 1188 773 1266 818; x_wconf 89' lang='lat' dir='ltr'>mo·</span> 
     </span>
     <span class='ocr_line' id='line_1_5' title="bbox 101 855 1267 938; baseline -0.001 -19"><span class='ocrx_word' id='word_1_33' title='bbox 101 875 158 920; x_wconf 81' lang='lat' dir='ltr'>ras</span> <span class='ocrx_word' id='word_1_34' title='bbox 173 857 379 920; x_wconf 81' lang='lat' dir='ltr'>obsidionis</span> <span class='ocrx_word' id='word_1_35' title='bbox 395 859 502 920; x_wconf 74' lang='lat' dir='ltr'>millies</span> <span class='ocrx_word' id='word_1_36' title='bbox 518 861 650 920; x_wconf 77' lang='lat' dir='ltr'>bamalos</span> <span class='ocrx_word' id='word_1_37' title='bbox 665 858 774 929; x_wconf 80' lang='lat' dir='ltr'>scribil,</span> <span class='ocrx_word' id='word_1_38' title='bbox 791 875 850 918; x_wconf 73' lang='lat' dir='ltr'>nom</span> <span class='ocrx_word' id='word_1_39' title='bbox 866 875 918 918; x_wconf 84' lang='lat' dir='ltr'>cur</span> <span class='ocrx_word' id='word_1_40' title='bbox 929 859 1038 920; x_wconf 76' lang='lat' dir='ltr'>alacres</span> <span class='ocrx_word' id='word_1_41' title='bbox 1050 855 1085 918; x_wconf 82' lang='lat' dir='ltr'>ol</span> <span class='ocrx_word' id='word_1_42' title='bbox 1097 857 1267 938; x_wconf 78' lang='lat' dir='ltr'>empliones</span> 
     </span>
     <span class='ocr_line' id='line_1_6' title="bbox 100 959 1265 1040; baseline 0.002 -18"><span class='ocrx_word' id='word_1_43' title='bbox 100 961 255 1035; x_wconf 79' lang='lat' dir='ltr'>iaciendas,</span> <span class='ocrx_word' id='word_1_44' title='bbox 277 961 329 1022; x_wconf 78' lang='lat' dir='ltr'>scel</span> <span class='ocrx_word' id='word_1_45' title='bbox 346 970 461 1024; x_wconf 76' lang='lat' dir='ltr'>lanium</span> <span class='ocrx_word' id='word_1_46' title='bbox 477 977 531 1023; x_wconf 90' lang='lat' dir='ltr'>cur</span> <span class='ocrx_word' id='word_1_47' title='bbox 545 961 636 1024; x_wconf 81' lang='lat' dir='ltr'>lorlos</span> <span class='ocrx_word' id='word_1_48' title='bbox 655 960 691 1024; x_wconf 74' lang='lat' dir='ltr'>ael</span> <span class='ocrx_word' id='word_1_49' title='bbox 709 960 875 1023; x_wconf 83' lang='lat' dir='ltr'>loloramlas</span> <span class='ocrx_word' id='word_1_50' title='bbox 898 959 1001 1040; x_wconf 80' lang='lat' dir='ltr'>longas</span> <span class='ocrx_word' id='word_1_51' title='bbox 1017 959 1186 1023; x_wconf 73' lang='lat' dir='ltr'>obsidiones</span> <span class='ocrx_word' id='word_1_52' title='bbox 1201 961 1265 1024; x_wconf 84' lang='lat' dir='ltr'>loe·</span> 
     </span>
     <span class='ocr_line' id='line_1_7' title="bbox 101 1063 1265 1144; baseline 0 -18"><span class='ocrx_word' id='word_1_53' title='bbox 101 1064 170 1137; x_wconf 81' lang='lat' dir='ltr'>airu,</span> <span class='ocrx_word' id='word_1_54' title='bbox 196 1065 302 1126; x_wconf 78' lang='lat' dir='ltr'>‹locerc</span> <span class='ocrx_word' id='word_1_55' title='bbox 327 1065 399 1128; x_wconf 87' lang='lat' dir='ltr'>rollo</span> <span class='ocrx_word' id='word_1_56' title='bbox 422 1065 545 1128; x_wconf 77' lang='lat' dir='ltr'>violetur.</span> <span class='ocrx_word' id='word_1_57' title='bbox 587 1066 628 1127; x_wconf 61' lang='lat' dir='ltr'>alc</span> <span class='ocrx_word' id='word_1_58' title='bbox 654 1063 775 1127; x_wconf 82' lang='lat' dir='ltr'>ruenrini</span> <span class='ocrx_word' id='word_1_59' title='bbox 799 1083 846 1126; x_wconf 91' lang='lat' dir='ltr'>mc</span> <span class='ocrx_word' id='word_1_60' title='bbox 870 1063 955 1135; x_wconf 90' lang='lat' dir='ltr'>olim,</span> <span class='ocrx_word' id='word_1_61' title='bbox 976 1083 1069 1144; x_wconf 75' lang='lat' dir='ltr'>qoniam</span> <span class='ocrx_word' id='word_1_62' title='bbox 1086 1064 1162 1128; x_wconf 89' lang='lat' dir='ltr'>banc</span> <span class='ocrx_word' id='word_1_63' title='bbox 1176 1065 1265 1127; x_wconf 79' lang='lat' dir='ltr'>riom</span> 
     </span>
     <span class='ocr_line' id='line_1_8' title="bbox 101 1150 1290 1250; baseline 0.001 -21"><span class='ocrx_word' id='word_1_64' title='bbox 101 1167 250 1248; x_wconf 75' lang='lat' dir='ltr'>Agricolae</span> <span class='ocrx_word' id='word_1_65' title='bbox 265 1167 300 1229; x_wconf 92' lang='lat' dir='ltr'>ln·</span> <span class='ocrx_word' id='word_1_66' title='bbox 309 1167 466 1231; x_wconf 78' lang='lat' dir='ltr'>seminario</span> <span class='ocrx_word' id='word_1_67' title='bbox 481 1187 549 1232; x_wconf 91' lang='lat' dir='ltr'>cum</span> <span class='ocrx_word' id='word_1_68' title='bbox 572 1168 806 1231; x_wconf 77' lang='lat' dir='ltr'>ololesooubos</span> <span class='ocrx_word' id='word_1_69' title='bbox 828 1167 981 1250; x_wconf 77' lang='lat' dir='ltr'>plrilologis</span> <span class='ocrx_word' id='word_1_70' title='bbox 1005 1177 1173 1241; x_wconf 74' lang='lat' dir='ltr'>maclarum,</span> <span class='ocrx_word' id='word_1_71' title='bbox 1195 1150 1290 1230; x_wconf 85' lang='lat' dir='ltr'>eau-¹</span> 
     </span>
     <span class='ocr_line' id='line_1_9' title="bbox 100 1267 1266 1355; baseline 0.001 -23"><span class='ocrx_word' id='word_1_72' title='bbox 100 1270 167 1332; x_wconf 79' lang='lat' dir='ltr'>elem</span> <span class='ocrx_word' id='word_1_73' title='bbox 190 1289 277 1352; x_wconf 69' lang='lat' dir='ltr'>«geram</span> <span class='ocrx_word' id='word_1_74' title='bbox 301 1269 441 1334; x_wconf 85' lang='lat' dir='ltr'>lirilzium</span> <span class='ocrx_word' id='word_1_75' title='bbox 464 1271 519 1334; x_wconf 90' lang='lat' dir='ltr'>loci</span> <span class='ocrx_word' id='word_1_76' title='bbox 539 1271 763 1355; x_wconf 80' lang='lat' dir='ltr'>explicabonem</span> <span class='ocrx_word' id='word_1_77' title='bbox 788 1267 960 1354; x_wconf 69' lang='lat' dir='ltr'>periclitari:</span> <span class='ocrx_word' id='word_1_78' title='bbox 988 1271 1038 1332; x_wconf 73' lang='lat' dir='ltr'>seul</span> <span class='ocrx_word' id='word_1_79' title='bbox 1055 1270 1266 1350; x_wconf 73' lang='lat' dir='ltr'>obloquebatur</span> 
     </span>
     <span class='ocr_line' id='line_1_10' title="bbox 100 1373 1265 1455; baseline 0 -19"><span class='ocrx_word' id='word_1_80' title='bbox 100 1391 179 1436; x_wconf 86' lang='lat' dir='ltr'>unus</span> <span class='ocrx_word' id='word_1_81' title='bbox 194 1394 210 1435; x_wconf 87' lang='lat' dir='ltr'>o</span> <span class='ocrx_word' id='word_1_82' title='bbox 225 1373 373 1436; x_wconf 79' lang='lat' dir='ltr'>oolabloo</span> <span class='ocrx_word' id='word_1_83' title='bbox 389 1373 533 1455; x_wconf 76' lang='lat' dir='ltr'>verbaque</span> <span class='ocrx_word' id='word_1_84' title='bbox 549 1375 595 1436; x_wconf 87' lang='lat' dir='ltr'>illa</span> <span class='ocrx_word' id='word_1_85' title='bbox 610 1391 666 1438; x_wconf 88' lang='lat' dir='ltr'>uec</span> <span class='ocrx_word' id='word_1_86' title='bbox 681 1375 803 1437; x_wconf 78' lang='lat' dir='ltr'>‹lelemla</span> <span class='ocrx_word' id='word_1_87' title='bbox 819 1393 873 1438; x_wconf 90' lang='lat' dir='ltr'>nec</span> <span class='ocrx_word' id='word_1_88' title='bbox 888 1383 990 1454; x_wconf 83' lang='lat' dir='ltr'>argalo</span> <span class='ocrx_word' id='word_1_89' title='bbox 1007 1373 1199 1447; x_wconf 78' lang='lat' dir='ltr'>elelemlemla,</span> <span class='ocrx_word' id='word_1_90' title='bbox 1215 1373 1265 1436; x_wconf 70' lang='lat' dir='ltr'>ael</span> 
     </span>
     <span class='ocr_line' id='line_1_11' title="bbox 101 1476 1265 1562; baseline 0 -22"><span class='ocrx_word' id='word_1_91' title='bbox 101 1478 319 1560; x_wconf 73' lang='lat' dir='ltr'>transpone-mlo</span> <span class='ocrx_word' id='word_1_92' title='bbox 340 1478 369 1541; x_wconf 91' lang='lat' dir='ltr'>in</span> <span class='ocrx_word' id='word_1_93' title='bbox 384 1477 549 1562; x_wconf 68' lang='lat' dir='ltr'>proliacum</span> <span class='ocrx_word' id='word_1_94' title='bbox 567 1477 719 1558; x_wconf 63' lang='lat' dir='ltr'>gloriolam</span> <span class='ocrx_word' id='word_1_95' title='bbox 742 1477 898 1540; x_wconf 75' lang='lat' dir='ltr'>accolebat:</span> <span class='ocrx_word' id='word_1_96' title='bbox 930 1477 983 1540; x_wconf 86' lang='lat' dir='ltr'>lla</span> <span class='ocrx_word' id='word_1_97' title='bbox 1009 1477 1193 1558; x_wconf 79' lang='lat' dir='ltr'>intrepida</span> <span class='ocrx_word' id='word_1_98' title='bbox 1218 1476 1265 1541; x_wconf 88' lang='lat' dir='ltr'>ibi</span> 
     </span>
     <span class='ocr_line' id='line_1_12' title="bbox 101 1579 1265 1664; baseline 0 -22"><span class='ocrx_word' id='word_1_99' title='bbox 101 1580 232 1643; x_wconf 84' lang='lat' dir='ltr'>biems:</span> <span class='ocrx_word' id='word_1_100' title='bbox 254 1581 404 1644; x_wconf 77' lang='lat' dir='ltr'>crebrae</span> <span class='ocrx_word' id='word_1_101' title='bbox 424 1580 643 1663; x_wconf 80' lang='lat' dir='ltr'>crlapliones</span> <span class='ocrx_word' id='word_1_102' title='bbox 669 1589 704 1642; x_wconf 86' lang='lat' dir='ltr'>cl</span> <span class='ocrx_word' id='word_1_103' title='bbox 726 1581 796 1643; x_wconf 75' lang='lat' dir='ltr'>oilli</span> <span class='ocrx_word' id='word_1_104' title='bbox 817 1581 968 1664; x_wconf 60' lang='lat' dir='ltr'>leuisque</span> <span class='ocrx_word' id='word_1_105' title='bbox 985 1581 1182 1664; x_wconf 77' lang='lat' dir='ltr'>pracsidio.</span> <span class='ocrx_word' id='word_1_106' title='bbox 1197 1579 1265 1644; x_wconf 83' lang='lat' dir='ltr'>llilri</span> 
     </span>
     <span class='ocr_line' id='line_1_13' title="bbox 100 1683 1265 1767; baseline -0.002 -19"><span class='ocrx_word' id='word_1_107' title='bbox 100 1685 158 1748; x_wconf 90' lang='lat' dir='ltr'>boc</span> <span class='ocrx_word' id='word_1_108' title='bbox 180 1684 334 1748; x_wconf 80' lang='lat' dir='ltr'>consilium</span> <span class='ocrx_word' id='word_1_109' title='bbox 358 1683 476 1767; x_wconf 76' lang='lat' dir='ltr'>placuit,</span> <span class='ocrx_word' id='word_1_110' title='bbox 498 1702 553 1745; x_wconf 89' lang='lat' dir='ltr'>neo</span> <span class='ocrx_word' id='word_1_111' title='bbox 573 1683 637 1746; x_wconf 81' lang='lat' dir='ltr'>aliis</span> <span class='ocrx_word' id='word_1_112' title='bbox 652 1683 776 1746; x_wconf 84' lang='lat' dir='ltr'>lorlasso</span> <span class='ocrx_word' id='word_1_113' title='bbox 793 1683 966 1765; x_wconf 72' lang='lat' dir='ltr'>‹lisolicebib</span> <span class='ocrx_word' id='word_1_114' title='bbox 1011 1683 1189 1764; x_wconf 81' lang='lat' dir='ltr'>Enrplioues</span> <span class='ocrx_word' id='word_1_115' title='bbox 1205 1702 1265 1746; x_wconf 91' lang='lat' dir='ltr'>non</span> 
     </span>
     <span class='ocr_line' id='line_1_14' title="bbox 99 1785 1265 1872; baseline -0.003 -20"><span class='ocrx_word' id='word_1_116' title='bbox 99 1789 196 1852; x_wconf 81' lang='lat' dir='ltr'>solum</span> <span class='ocrx_word' id='word_1_117' title='bbox 209 1791 261 1872; x_wconf 79' lang='lat' dir='ltr'>orei</span> <span class='ocrx_word' id='word_1_118' title='bbox 276 1789 449 1852; x_wconf 81' lang='lat' dir='ltr'>obsbloolur</span> <span class='ocrx_word' id='word_1_119' title='bbox 464 1788 560 1852; x_wconf 80' lang='lat' dir='ltr'>lacero</span> <span class='ocrx_word' id='word_1_120' title='bbox 574 1787 722 1862; x_wconf 73' lang='lat' dir='ltr'>«licuntur,</span> <span class='ocrx_word' id='word_1_121' title='bbox 737 1787 788 1848; x_wconf 78' lang='lat' dir='ltr'>ecel</span> <span class='ocrx_word' id='word_1_122' title='bbox 804 1786 973 1868; x_wconf 82' lang='lat' dir='ltr'>qrricuuqne</span> <span class='ocrx_word' id='word_1_123' title='bbox 988 1806 1005 1846; x_wconf 91' lang='lat' dir='ltr'>e</span> <span class='ocrx_word' id='word_1_124' title='bbox 1019 1785 1080 1848; x_wconf 78' lang='lat' dir='ltr'>siais</span> <span class='ocrx_word' id='word_1_125' title='bbox 1095 1787 1200 1848; x_wconf 81' lang='lat' dir='ltr'>caslrir</span> <span class='ocrx_word' id='word_1_126' title='bbox 1214 1793 1265 1850; x_wconf 85' lang='lat' dir='ltr'>aul</span> 
     </span>
     <span class='ocr_line' id='line_1_15' title="bbox 100 1887 1144 1960; baseline -0.007 -4"><span class='ocrx_word' id='word_1_127' title='bbox 100 1893 225 1956; x_wconf 79' lang='lat' dir='ltr'>caslollis</span> <span class='ocrx_word' id='word_1_128' title='bbox 241 1893 270 1954; x_wconf 92' lang='lat' dir='ltr'>in</span> <span class='ocrx_word' id='word_1_129' title='bbox 285 1891 415 1953; x_wconf 75' lang='lat' dir='ltr'>brulium</span> <span class='ocrx_word' id='word_1_130' title='bbox 432 1891 505 1953; x_wconf 82' lang='lat' dir='ltr'>llnes</span> <span class='ocrx_word' id='word_1_131' title='bbox 521 1890 684 1952; x_wconf 77' lang='lat' dir='ltr'>incurrunt.</span> <span class='ocrx_word' id='word_1_132' title='bbox 714 1889 776 1950; x_wconf 80' lang='lat' dir='ltr'>l&#39;irl.</span> <span class='ocrx_word' id='word_1_133' title='bbox 793 1892 875 1950; x_wconf 81' lang='lat' dir='ltr'>l&#39;nes.</span> <span class='ocrx_word' id='word_1_134' title='bbox 892 1889 924 1950; x_wconf 91' lang='lat' dir='ltr'>ll.</span> <span class='ocrx_word' id='word_1_135' title='bbox 941 1889 974 1950; x_wconf 86' lang='lat' dir='ltr'>G.</span> <span class='ocrx_word' id='word_1_136' title='bbox 991 1888 1050 1960; x_wconf 79' lang='lat' dir='ltr'>lb,</span> <span class='ocrx_word' id='word_1_137' title='bbox 1067 1887 1097 1960; x_wconf 81' lang='lat'>7,</span> <span class='ocrx_word' id='word_1_138' title='bbox 1114 1887 1144 1949; x_wconf 78' lang='lat'>2.</span> 
     </span>
    </p>

    <p class='ocr_par' dir='ltr' id='par_1_3' title="bbox 96 1989 1305 4452">
     <span class='ocr_line' id='line_1_16' title="bbox 186 1989 1267 2074; baseline -0.003 -18"><span class='ocrx_word' id='word_1_139' title='bbox 186 1994 256 2074; x_wconf 77' lang='lat' dir='ltr'>Cau.</span> <span class='ocrx_word' id='word_1_140' title='bbox 272 1992 363 2066; x_wconf 71' lang='lat' dir='ltr'><strong>XXX,</strong></span> <span class='ocrx_word' id='word_1_141' title='bbox 385 1994 420 2054; x_wconf 74' lang='lat'>42</span> <span class='ocrx_word' id='word_1_142' title='bbox 443 1993 542 2054; x_wconf 85' lang='lat' dir='ltr'>Nunc</span> <span class='ocrx_word' id='word_1_143' title='bbox 567 1991 753 2053; x_wconf 78' lang='lat' dir='ltr'>learninus</span> <span class='ocrx_word' id='word_1_144' title='bbox 780 1989 993 2053; x_wconf 84' lang='lat' dir='ltr'>llrilauaiac</span> <span class='ocrx_word' id='word_1_145' title='bbox 1019 1997 1133 2071; x_wconf 81' lang='lat' dir='ltr'>polet.</span> <span class='ocrx_word' id='word_1_146' title='bbox 1157 1999 1267 2072; x_wconf 81' lang='lat' dir='ltr'>alque</span> 
     </span>
     <span class='ocr_line' id='line_1_17' title="bbox 100 2091 1267 2178; baseline -0.004 -18"><span class='ocrx_word' id='word_1_147' title='bbox 100 2115 204 2160; x_wconf 84' lang='lat' dir='ltr'>omne</span> <span class='ocrx_word' id='word_1_148' title='bbox 230 2097 395 2178; x_wconf 89' lang='lat' dir='ltr'>ignolnm</span> <span class='ocrx_word' id='word_1_149' title='bbox 425 2113 489 2177; x_wconf 80' lang='lat' dir='ltr'>pro</span> <span class='ocrx_word' id='word_1_150' title='bbox 519 2091 719 2175; x_wconf 78' lang='lat' dir='ltr'>magnilica</span> <span class='ocrx_word' id='word_1_151' title='bbox 748 2099 813 2153; x_wconf 73' lang='lat' dir='ltr'>col.</span> <span class='ocrx_word' id='word_1_152' title='bbox 850 2091 917 2152; x_wconf 77' lang='lat' dir='ltr'>Seii</span> <span class='ocrx_word' id='word_1_153' title='bbox 944 2093 1043 2153; x_wconf 91' lang='lat' dir='ltr'>nulla</span> <span class='ocrx_word' id='word_1_154' title='bbox 1071 2091 1141 2154; x_wconf 90' lang='lat' dir='ltr'>iam</span> <span class='ocrx_word' id='word_1_155' title='bbox 1167 2093 1267 2155; x_wconf 86' lang='lat' dir='ltr'>ullra</span> 
     </span>
     <span class='ocr_line' id='line_1_18' title="bbox 101 2193 1267 2280; baseline -0.003 -19"><span class='ocrx_word' id='word_1_156' title='bbox 101 2217 187 2280; x_wconf 83' lang='lat' dir='ltr'>gens</span> <span class='ocrx_word' id='word_1_157' title='bbox 212 2208 278 2262; x_wconf 84' lang='lat' dir='ltr'>otc.</span> <span class='ocrx_word' id='word_1_158' title='bbox 324 2199 444 2261; x_wconf 81' lang='lat' dir='ltr'>l&#39;mslra</span> <span class='ocrx_word' id='word_1_159' title='bbox 469 2197 549 2260; x_wconf 80' lang='lat' dir='ltr'>launo</span> <span class='ocrx_word' id='word_1_160' title='bbox 575 2197 673 2258; x_wconf 88' lang='lat' dir='ltr'>lacum</span> <span class='ocrx_word' id='word_1_161' title='bbox 696 2195 814 2257; x_wconf 84' lang='lat' dir='ltr'>ll&#39;exius</span> <span class='ocrx_word' id='word_1_162' title='bbox 839 2202 870 2255; x_wconf 84' lang='lat' dir='ltr'>el</span> <span class='ocrx_word' id='word_1_163' title='bbox 895 2194 1022 2256; x_wconf 83' lang='lat' dir='ltr'>llrilrius</span> <span class='ocrx_word' id='word_1_164' title='bbox 1049 2193 1267 2276; x_wconf 81' lang='lat' dir='ltr'>inlerprelamlo</span> 
     </span>
     <span class='ocr_line' id='line_1_19' title="bbox 101 2297 1267 2382; baseline -0.003 -18"><span class='ocrx_word' id='word_1_165' title='bbox 101 2302 175 2364; x_wconf 80' lang='lat' dir='ltr'>beeri</span> <span class='ocrx_word' id='word_1_166' title='bbox 192 2311 345 2373; x_wconf 77' lang='lat' dir='ltr'>conamur,</span> <span class='ocrx_word' id='word_1_167' title='bbox 361 2301 391 2362; x_wconf 92' lang='lat' dir='ltr'>in</span> <span class='ocrx_word' id='word_1_168' title='bbox 406 2319 467 2382; x_wconf 83' lang='lat' dir='ltr'>quo</span> <span class='ocrx_word' id='word_1_169' title='bbox 482 2299 618 2381; x_wconf 72' lang='lat' dir='ltr'>egubium</span> <span class='ocrx_word' id='word_1_170' title='bbox 636 2297 745 2360; x_wconf 88' lang='lat' dir='ltr'>nullam</span> <span class='ocrx_word' id='word_1_171' title='bbox 765 2315 866 2358; x_wconf 75' lang='lat' dir='ltr'>ornam</span> <span class='ocrx_word' id='word_1_172' title='bbox 882 2299 1094 2360; x_wconf 83' lang='lat' dir='ltr'>seulenliarom</span> <span class='ocrx_word' id='word_1_173' title='bbox 1106 2299 1267 2360; x_wconf 77' lang='lat' dir='ltr'>corruerin-</span> 
     </span>
     <span class='ocr_line' id='line_1_20' title="bbox 100 2399 1266 2486; baseline -0.002 -20"><span class='ocrx_word' id='word_1_174' title='bbox 100 2423 168 2466; x_wconf 82' lang='lat' dir='ltr'>nean</span> <span class='ocrx_word' id='word_1_175' title='bbox 185 2403 301 2485; x_wconf 80' lang='lat' dir='ltr'>agnosci</span> <span class='ocrx_word' id='word_1_176' title='bbox 317 2423 406 2486; x_wconf 77' lang='lat' dir='ltr'>posse</span> <span class='ocrx_word' id='word_1_177' title='bbox 421 2421 538 2465; x_wconf 86' lang='lat' dir='ltr'>censeo.</span> <span class='ocrx_word' id='word_1_178' title='bbox 561 2401 662 2482; x_wconf 79' lang='lat' dir='ltr'>Nequeo</span> <span class='ocrx_word' id='word_1_179' title='bbox 678 2399 756 2462; x_wconf 87' lang='lat' dir='ltr'>euim</span> <span class='ocrx_word' id='word_1_180' title='bbox 773 2399 912 2480; x_wconf 85' lang='lat' dir='ltr'>inlelligo‚</span> <span class='ocrx_word' id='word_1_181' title='bbox 928 2419 984 2481; x_wconf 68' lang='lat' dir='ltr'>egara</span> <span class='ocrx_word' id='word_1_182' title='bbox 1000 2402 1110 2464; x_wconf 84' lang='lat' dir='ltr'>rollone</span> <span class='ocrx_word' id='word_1_183' title='bbox 1124 2422 1193 2464; x_wconf 89' lang='lat' dir='ltr'>cum</span> <span class='ocrx_word' id='word_1_184' title='bbox 1209 2403 1266 2474; x_wconf 86' lang='lat' dir='ltr'>illo,</span> 
     </span>
     <span class='ocr_line' id='line_1_21' title="bbox 100 2501 1265 2589; baseline -0.003 -20"><span class='ocrx_word' id='word_1_185' title='bbox 100 2507 180 2589; x_wconf 77' lang='lat' dir='ltr'>quoil</span> <span class='ocrx_word' id='word_1_186' title='bbox 206 2505 349 2568; x_wconf 79' lang='lat' dir='ltr'>terminus</span> <span class='ocrx_word' id='word_1_187' title='bbox 366 2503 529 2567; x_wconf 84' lang='lat' dir='ltr'>ilcilanniao</span> <span class='ocrx_word' id='word_1_188' title='bbox 555 2510 664 2586; x_wconf 63' lang='lat' dir='ltr'>gauloni,</span> <span class='ocrx_word' id='word_1_189' title='bbox 691 2503 748 2563; x_wconf 91' lang='lat' dir='ltr'>boc</span> <span class='ocrx_word' id='word_1_190' title='bbox 772 2501 909 2575; x_wconf 84' lang='lat' dir='ltr'>allorum,</span> <span class='ocrx_word' id='word_1_191' title='bbox 935 2503 1014 2584; x_wconf 78' lang='lat' dir='ltr'>qraoel</span> <span class='ocrx_word' id='word_1_192' title='bbox 1030 2522 1118 2566; x_wconf 81' lang='lat' dir='ltr'>onam</span> <span class='ocrx_word' id='word_1_193' title='bbox 1134 2505 1265 2586; x_wconf 88' lang='lat' dir='ltr'>ignolum</span> 
     </span>
     <span class='ocr_line' id='line_1_22' title="bbox 100 2605 1265 2691; baseline -0.001 -21"><span class='ocrx_word' id='word_1_194' title='bbox 100 2628 155 2691; x_wconf 83' lang='lat' dir='ltr'>pro</span> <span class='ocrx_word' id='word_1_195' title='bbox 171 2609 325 2690; x_wconf 79' lang='lat' dir='ltr'>magnilica</span> <span class='ocrx_word' id='word_1_196' title='bbox 340 2607 392 2681; x_wconf 84' lang='lat' dir='ltr'>sil,</span> <span class='ocrx_word' id='word_1_197' title='bbox 408 2607 452 2670; x_wconf 83' lang='lat' dir='ltr'>sic</span> <span class='ocrx_word' id='word_1_198' title='bbox 468 2625 520 2689; x_wconf 79' lang='lat' dir='ltr'>per</span> <span class='ocrx_word' id='word_1_199' title='bbox 534 2615 642 2688; x_wconf 84' lang='lat' dir='ltr'>alque</span> <span class='ocrx_word' id='word_1_200' title='bbox 658 2605 796 2684; x_wconf 88' lang='lat' dir='ltr'>coniungi</span> <span class='ocrx_word' id='word_1_201' title='bbox 814 2605 956 2686; x_wconf 76' lang='lat' dir='ltr'>pauluril,</span> <span class='ocrx_word' id='word_1_202' title='bbox 973 2623 1069 2687; x_wconf 75' lang='lat' dir='ltr'>neonae.</span> <span class='ocrx_word' id='word_1_203' title='bbox 1085 2607 1192 2688; x_wconf 78' lang='lat' dir='ltr'>magis,</span> <span class='ocrx_word' id='word_1_204' title='bbox 1208 2627 1265 2688; x_wconf 85' lang='lat' dir='ltr'>qna</span> 
     </span>
     <span class='ocr_line' id='line_1_23' title="bbox 102 2706 1270 2794; baseline -0.003 -19"><span class='ocrx_word' id='word_1_205' title='bbox 102 2711 214 2775; x_wconf 84' lang='lat' dir='ltr'>rollone</span> <span class='ocrx_word' id='word_1_206' title='bbox 230 2729 334 2773; x_wconf 79' lang='lat' dir='ltr'>eureus</span> <span class='ocrx_word' id='word_1_207' title='bbox 349 2709 427 2782; x_wconf 77' lang='lat' dir='ltr'>linio,</span> <span class='ocrx_word' id='word_1_208' title='bbox 443 2708 522 2792; x_wconf 76' lang='lat' dir='ltr'>queonl</span> <span class='ocrx_word' id='word_1_209' title='bbox 539 2727 628 2770; x_wconf 67' lang='lat' dir='ltr'>lemno</span> <span class='ocrx_word' id='word_1_210' title='bbox 644 2706 776 2790; x_wconf 89' lang='lat' dir='ltr'>ignolum</span> <span class='ocrx_word' id='word_1_211' title='bbox 794 2728 848 2790; x_wconf 76' lang='lat' dir='ltr'>uro</span> <span class='ocrx_word' id='word_1_212' title='bbox 864 2708 1017 2788; x_wconf 84' lang='lat' dir='ltr'>magnilica</span> <span class='ocrx_word' id='word_1_213' title='bbox 1033 2710 1080 2780; x_wconf 85' lang='lat' dir='ltr'>sil,</span> <span class='ocrx_word' id='word_1_214' title='bbox 1102 2719 1270 2794; x_wconf 62' lang='lat' dir='ltr'>opimantur</span> 
     </span>
     <span class='ocr_line' id='line_1_24' title="bbox 100 2811 1266 2894; baseline -0.003 -15"><span class='ocrx_word' id='word_1_215' title='bbox 100 2816 185 2879; x_wconf 79' lang='lat' dir='ltr'>illurl:</span> <span class='ocrx_word' id='word_1_216' title='bbox 207 2813 258 2877; x_wconf 76' lang='lat' dir='ltr'>ool</span> <span class='ocrx_word' id='word_1_217' title='bbox 285 2813 364 2876; x_wconf 79' lang='lat' dir='ltr'>nialla</span> <span class='ocrx_word' id='word_1_218' title='bbox 390 2813 448 2876; x_wconf 91' lang='lat' dir='ltr'>iam</span> <span class='ocrx_word' id='word_1_219' title='bbox 474 2814 550 2875; x_wconf 87' lang='lat' dir='ltr'>ullra</span> <span class='ocrx_word' id='word_1_220' title='bbox 566 2829 647 2894; x_wconf 85' lang='lat' dir='ltr'>gons.</span> <span class='ocrx_word' id='word_1_221' title='bbox 678 2811 752 2874; x_wconf 89' lang='lat' dir='ltr'>Nam</span> <span class='ocrx_word' id='word_1_222' title='bbox 771 2813 851 2894; x_wconf 77' lang='lat' dir='ltr'>querel</span> <span class='ocrx_word' id='word_1_223' title='bbox 867 2813 946 2876; x_wconf 90' lang='lat' dir='ltr'>aiunl</span> <span class='ocrx_word' id='word_1_224' title='bbox 964 2814 1119 2894; x_wconf 82' lang='lat' dir='ltr'>Galgacum</span> <span class='ocrx_word' id='word_1_225' title='bbox 1137 2815 1174 2892; x_wconf 76' lang='lat' dir='ltr'>lis</span> <span class='ocrx_word' id='word_1_226' title='bbox 1188 2814 1266 2878; x_wconf 85' lang='lat' dir='ltr'>euim</span> 
     </span>
     <span class='ocr_line' id='line_1_25' title="bbox 100 2915 1268 3001; baseline -0.002 -19"><span class='ocrx_word' id='word_1_227' title='bbox 100 2919 243 3001; x_wconf 67' lang='lat' dir='ltr'>linquitur)</span> <span class='ocrx_word' id='word_1_228' title='bbox 259 2924 417 3001; x_wconf 74' lang='lat' dir='ltr'>nonquam</span> <span class='ocrx_word' id='word_1_229' title='bbox 434 2915 602 2981; x_wconf 87' lang='lat' dir='ltr'>llrilanuiao</span> <span class='ocrx_word' id='word_1_230' title='bbox 618 2915 779 2978; x_wconf 82' lang='lat' dir='ltr'>leruriuum</span> <span class='ocrx_word' id='word_1_231' title='bbox 796 2923 896 2998; x_wconf 78' lang='lat' dir='ltr'>palere</span> <span class='ocrx_word' id='word_1_232' title='bbox 912 2917 993 2991; x_wconf 75' lang='lat' dir='ltr'>elicii,</span> <span class='ocrx_word' id='word_1_233' title='bbox 1006 2917 1165 2980; x_wconf 78' lang='lat' dir='ltr'>olomeo,</span> <span class='ocrx_word' id='word_1_234' title='bbox 1180 2919 1268 2981; x_wconf 81' lang='lat' dir='ltr'>eliam</span> 
     </span>
     <span class='ocr_line' id='line_1_26' title="bbox 100 3019 1269 3104; baseline -0.002 -20"><span class='ocrx_word' id='word_1_235' title='bbox 100 3042 170 3086; x_wconf 76' lang='lat' dir='ltr'>saeos</span> <span class='ocrx_word' id='word_1_236' title='bbox 186 3021 322 3096; x_wconf 81' lang='lat' dir='ltr'>voluisse,</span> <span class='ocrx_word' id='word_1_237' title='bbox 339 3039 400 3084; x_wconf 93' lang='lat' dir='ltr'>uon</span> <span class='ocrx_word' id='word_1_238' title='bbox 421 3019 547 3102; x_wconf 81' lang='lat' dir='ltr'>araaplius</span> <span class='ocrx_word' id='word_1_239' title='bbox 563 3037 699 3101; x_wconf 86' lang='lat' dir='ltr'>maguam</span> <span class='ocrx_word' id='word_1_240' title='bbox 715 3019 751 3080; x_wconf 78' lang='lat' dir='ltr'>elo</span> <span class='ocrx_word' id='word_1_241' title='bbox 769 3019 803 3082; x_wconf 78' lang='lat' dir='ltr'>iis</span> <span class='ocrx_word' id='word_1_242' title='bbox 819 3021 895 3104; x_wconf 76' lang='lat' dir='ltr'>apirol</span> <span class='ocrx_word' id='word_1_243' title='bbox 912 3021 1062 3083; x_wconf 86' lang='lat' dir='ltr'>llomanos</span> <span class='ocrx_word' id='word_1_244' title='bbox 1073 3021 1269 3084; x_wconf 74' lang='lat' dir='ltr'>aulslimalio-</span> 
     </span>
     <span class='ocr_line' id='line_1_27' title="bbox 100 3123 1267 3210; baseline -0.001 -22"><span class='ocrx_word' id='word_1_245' title='bbox 100 3145 168 3188; x_wconf 91' lang='lat' dir='ltr'>nem</span> <span class='ocrx_word' id='word_1_246' title='bbox 184 3145 263 3190; x_wconf 82' lang='lat' dir='ltr'>esso:</span> <span class='ocrx_word' id='word_1_247' title='bbox 280 3125 388 3210; x_wconf 81' lang='lat' dir='ltr'>quippe</span> <span class='ocrx_word' id='word_1_248' title='bbox 401 3125 499 3206; x_wconf 87' lang='lat' dir='ltr'>iguola</span> <span class='ocrx_word' id='word_1_249' title='bbox 514 3123 632 3205; x_wconf 78' lang='lat' dir='ltr'>quibem</span> <span class='ocrx_word' id='word_1_250' title='bbox 648 3123 746 3186; x_wconf 82' lang='lat' dir='ltr'>ornnia</span> <span class='ocrx_word' id='word_1_251' title='bbox 761 3143 814 3206; x_wconf 68' lang='lat' dir='ltr'>giro</span> <span class='ocrx_word' id='word_1_252' title='bbox 828 3125 989 3205; x_wconf 80' lang='lat' dir='ltr'>magnilicis</span> <span class='ocrx_word' id='word_1_253' title='bbox 1001 3125 1112 3194; x_wconf 81' lang='lat' dir='ltr'>baberi.</span> <span class='ocrx_word' id='word_1_254' title='bbox 1129 3125 1156 3187; x_wconf 80' lang='lat' dir='ltr'>iu</span> <span class='ocrx_word' id='word_1_255' title='bbox 1168 3135 1267 3188; x_wconf 80' lang='lat' dir='ltr'>aulem</span> 
     </span>
     <span class='ocr_line' id='line_1_28' title="bbox 100 3227 1268 3312; baseline 0.001 -20"><span class='ocrx_word' id='word_1_256' title='bbox 100 3237 129 3300; x_wconf 81' lang='lat' dir='ltr'>in</span> <span class='ocrx_word' id='word_1_257' title='bbox 145 3229 234 3310; x_wconf 77' lang='lat' dir='ltr'>ipsos,</span> <span class='ocrx_word' id='word_1_258' title='bbox 246 3239 349 3312; x_wconf 78' lang='lat' dir='ltr'>ulpole</span> <span class='ocrx_word' id='word_1_259' title='bbox 361 3229 506 3310; x_wconf 78' lang='lat' dir='ltr'>paleiaclo</span> <span class='ocrx_word' id='word_1_260' title='bbox 518 3227 685 3290; x_wconf 82' lang='lat' dir='ltr'>llrilauniae.</span> <span class='ocrx_word' id='word_1_261' title='bbox 702 3229 830 3290; x_wconf 85' lang='lat' dir='ltr'>lermino</span> <span class='ocrx_word' id='word_1_262' title='bbox 847 3247 907 3290; x_wconf 91' lang='lat' dir='ltr'>non</span> <span class='ocrx_word' id='word_1_263' title='bbox 922 3229 1049 3310; x_wconf 75' lang='lat' dir='ltr'>amplius</span> <span class='ocrx_word' id='word_1_264' title='bbox 1066 3229 1193 3310; x_wconf 77' lang='lat' dir='ltr'>ignotos,</span> <span class='ocrx_word' id='word_1_265' title='bbox 1208 3247 1268 3293; x_wconf 91' lang='lat' dir='ltr'>non</span> 
     </span>
     <span class='ocr_line' id='line_1_29' title="bbox 99 3330 1269 3413; baseline 0.002 -19"><span class='ocrx_word' id='word_1_266' title='bbox 99 3333 217 3394; x_wconf 76' lang='lat' dir='ltr'>callere:</span> <span class='ocrx_word' id='word_1_267' title='bbox 233 3333 292 3395; x_wconf 94' lang='lat' dir='ltr'>boc</span> <span class='ocrx_word' id='word_1_268' title='bbox 306 3332 330 3394; x_wconf 83' lang='lat' dir='ltr'>si</span> <span class='ocrx_word' id='word_1_269' title='bbox 340 3331 479 3413; x_wconf 76' lang='lat' dir='ltr'>Calgacus</span> <span class='ocrx_word' id='word_1_270' title='bbox 496 3330 524 3392; x_wconf 93' lang='lat' dir='ltr'>in</span> <span class='ocrx_word' id='word_1_271' title='bbox 542 3340 640 3394; x_wconf 85' lang='lat' dir='ltr'>meme</span> <span class='ocrx_word' id='word_1_272' title='bbox 655 3331 766 3398; x_wconf 84' lang='lat' dir='ltr'>babuil.</span> <span class='ocrx_word' id='word_1_273' title='bbox 782 3331 934 3394; x_wconf 85' lang='lat' dir='ltr'>lalemlunr</span> <span class='ocrx_word' id='word_1_274' title='bbox 948 3333 1091 3413; x_wconf 77' lang='lat' dir='ltr'>probola,</span> <span class='ocrx_word' id='word_1_275' title='bbox 1107 3333 1217 3396; x_wconf 80' lang='lat' dir='ltr'>omissa</span> <span class='ocrx_word' id='word_1_276' title='bbox 1232 3334 1269 3396; x_wconf 87' lang='lat' dir='ltr'>ab</span> 
     </span>
     <span class='ocr_line' id='line_1_30' title="bbox 99 3434 1268 3518; baseline 0.003 -22"><span class='ocrx_word' id='word_1_277' title='bbox 99 3455 136 3496; x_wconf 90' lang='lat' dir='ltr'>eo</span> <span class='ocrx_word' id='word_1_278' title='bbox 152 3434 198 3496; x_wconf 91' lang='lat' dir='ltr'>illa</span> <span class='ocrx_word' id='word_1_279' title='bbox 214 3435 276 3518; x_wconf 81' lang='lat' dir='ltr'>ipsa</span> <span class='ocrx_word' id='word_1_280' title='bbox 291 3453 366 3508; x_wconf 82' lang='lat' dir='ltr'>csse,</span> <span class='ocrx_word' id='word_1_281' title='bbox 382 3453 457 3514; x_wconf 84' lang='lat' dir='ltr'>quae</span> <span class='ocrx_word' id='word_1_282' title='bbox 472 3434 569 3496; x_wconf 89' lang='lat' dir='ltr'>omilli</span> <span class='ocrx_word' id='word_1_283' title='bbox 584 3435 640 3496; x_wconf 72' lang='lat' dir='ltr'>uisi</span> <span class='ocrx_word' id='word_1_284' title='bbox 655 3435 692 3497; x_wconf 87' lang='lat' dir='ltr'>ab</span> <span class='ocrx_word' id='word_1_285' title='bbox 707 3455 753 3503; x_wconf 86' lang='lat' dir='ltr'>co,</span> <span class='ocrx_word' id='word_1_286' title='bbox 769 3434 818 3515; x_wconf 78' lang='lat' dir='ltr'>qen</span> <span class='ocrx_word' id='word_1_287' title='bbox 834 3436 920 3514; x_wconf 77' lang='lat' dir='ltr'>olam</span> <span class='ocrx_word' id='word_1_288' title='bbox 936 3435 1053 3516; x_wconf 86' lang='lat' dir='ltr'>inlelligi</span> <span class='ocrx_word' id='word_1_289' title='bbox 1070 3437 1172 3510; x_wconf 83' lang='lat' dir='ltr'>nollel,</span> <span class='ocrx_word' id='word_1_290' title='bbox 1187 3437 1268 3500; x_wconf 91' lang='lat' dir='ltr'>nullo</span> 
     </span>
     <span class='ocr_line' id='line_1_31' title="bbox 100 3534 1268 3620; baseline 0 -19"><span class='ocrx_word' id='word_1_291' title='bbox 100 3539 191 3601; x_wconf 81' lang='lat' dir='ltr'>mono</span> <span class='ocrx_word' id='word_1_292' title='bbox 207 3545 337 3619; x_wconf 78' lang='lat' dir='ltr'>possent.</span> <span class='ocrx_word' id='word_1_293' title='bbox 368 3534 487 3599; x_wconf 78' lang='lat' dir='ltr'>bocerlil</span> <span class='ocrx_word' id='word_1_294' title='bbox 503 3535 624 3598; x_wconf 86' lang='lat' dir='ltr'>mirilico</span> <span class='ocrx_word' id='word_1_295' title='bbox 640 3537 694 3598; x_wconf 78' lang='lat' dir='ltr'>isla</span> <span class='ocrx_word' id='word_1_296' title='bbox 710 3537 872 3620; x_wconf 65' lang='lat' dir='ltr'>olaposilio:</span> <span class='ocrx_word' id='word_1_297' title='bbox 894 3555 999 3599; x_wconf 78' lang='lat' dir='ltr'>omaro</span> <span class='ocrx_word' id='word_1_298' title='bbox 1020 3537 1186 3616; x_wconf 81' lang='lat' dir='ltr'>ignolum</span> <span class='ocrx_word' id='word_1_299' title='bbox 1202 3557 1268 3620; x_wconf 81' lang='lat' dir='ltr'>pro</span> 
     </span>
     <span class='ocr_line' id='line_1_32' title="bbox 98 3638 1268 3722; baseline -0.002 -16"><span class='ocrx_word' id='word_1_300' title='bbox 98 3641 314 3722; x_wconf 81' lang='lat' dir='ltr'>aragnilico,</span> <span class='ocrx_word' id='word_1_301' title='bbox 339 3638 400 3702; x_wconf 79' lang='lat' dir='ltr'>ecel</span> <span class='ocrx_word' id='word_1_302' title='bbox 426 3639 532 3702; x_wconf 86' lang='lat' dir='ltr'>nulla</span> <span class='ocrx_word' id='word_1_303' title='bbox 559 3639 628 3703; x_wconf 90' lang='lat' dir='ltr'>iam</span> <span class='ocrx_word' id='word_1_304' title='bbox 650 3640 752 3703; x_wconf 85' lang='lat' dir='ltr'>ullra</span> <span class='ocrx_word' id='word_1_305' title='bbox 772 3659 867 3720; x_wconf 81' lang='lat' dir='ltr'>goos.</span> <span class='ocrx_word' id='word_1_306' title='bbox 913 3639 1131 3703; x_wconf 77' lang='lat' dir='ltr'>llanoll&#39;erius</span> <span class='ocrx_word' id='word_1_307' title='bbox 1150 3641 1268 3705; x_wconf 82' lang='lat' dir='ltr'>sileulio</span> 
     </span>
     <span class='ocr_line' id='line_1_33' title="bbox 97 3741 1268 3830; baseline -0.001 -21"><span class='ocrx_word' id='word_1_308' title='bbox 97 3743 309 3830; x_wconf 68' lang='lat' dir='ltr'>prarelcrurisib</span> <span class='ocrx_word' id='word_1_309' title='bbox 326 3741 452 3806; x_wconf 78' lang='lat' dir='ltr'>lirilaius</span> <span class='ocrx_word' id='word_1_310' title='bbox 467 3751 581 3814; x_wconf 79' lang='lat' dir='ltr'>uellem,</span> <span class='ocrx_word' id='word_1_311' title='bbox 602 3762 693 3824; x_wconf 71' lang='lat' dir='ltr'>«greum</span> <span class='ocrx_word' id='word_1_312' title='bbox 710 3743 818 3828; x_wconf 63' lang='lat' dir='ltr'>opiloni</span> <span class='ocrx_word' id='word_1_313' title='bbox 834 3745 907 3806; x_wconf 85' lang='lat' dir='ltr'>baec</span> <span class='ocrx_word' id='word_1_314' title='bbox 922 3744 999 3807; x_wconf 87' lang='lat' dir='ltr'>inler</span> <span class='ocrx_word' id='word_1_315' title='bbox 1012 3765 1045 3806; x_wconf 83' lang='lat' dir='ltr'>ee</span> <span class='ocrx_word' id='word_1_316' title='bbox 1060 3761 1121 3807; x_wconf 91' lang='lat' dir='ltr'>uon</span> <span class='ocrx_word' id='word_1_317' title='bbox 1136 3745 1268 3826; x_wconf 71' lang='lat' dir='ltr'>grilluisse</span> 
     </span>
     <span class='ocr_line' id='line_1_34' title="bbox 99 3847 1268 3932; baseline 0 -18"><span class='ocrx_word' id='word_1_318' title='bbox 99 3850 251 3932; x_wconf 71' lang='lat' dir='ltr'>intelligat,</span> <span class='ocrx_word' id='word_1_319' title='bbox 273 3847 492 3932; x_wconf 75' lang='lat' dir='ltr'>oppositionem</span> <span class='ocrx_word' id='word_1_320' title='bbox 509 3867 573 3909; x_wconf 81' lang='lat' dir='ltr'>esse</span> <span class='ocrx_word' id='word_1_321' title='bbox 588 3855 690 3930; x_wconf 79' lang='lat' dir='ltr'>nagal,</span> <span class='ocrx_word' id='word_1_322' title='bbox 712 3849 913 3930; x_wconf 82' lang='lat' dir='ltr'>grarlaliouem</span> <span class='ocrx_word' id='word_1_323' title='bbox 929 3849 1108 3912; x_wconf 80' lang='lat' dir='ltr'>aelrersaliva</span> <span class='ocrx_word' id='word_1_324' title='bbox 1125 3849 1268 3932; x_wconf 80' lang='lat' dir='ltr'>particula</span> 
     </span>
     <span class='ocr_line' id='line_1_35' title="bbox 99 3951 1264 4037; baseline 0.002 -21"><span class='ocrx_word' id='word_1_325' title='bbox 99 3951 253 4034; x_wconf 80' lang='lat' dir='ltr'>significari</span> <span class='ocrx_word' id='word_1_326' title='bbox 269 3953 330 4014; x_wconf 82' lang='lat' dir='ltr'>rull</span> <span class='ocrx_word' id='word_1_327' title='bbox 344 3951 374 4014; x_wconf 91' lang='lat' dir='ltr'>in</span> <span class='ocrx_word' id='word_1_328' title='bbox 389 3951 470 4015; x_wconf 90' lang='lat' dir='ltr'>buuc</span> <span class='ocrx_word' id='word_1_329' title='bbox 484 3951 623 4013; x_wconf 78' lang='lat' dir='ltr'>ruoilum:</span> <span class='ocrx_word' id='word_1_330' title='bbox 640 3969 700 4013; x_wconf 67' lang='lat' dir='ltr'>nuru</span> <span class='ocrx_word' id='word_1_331' title='bbox 716 3953 813 4014; x_wconf 80' lang='lat' dir='ltr'>aulum</span> <span class='ocrx_word' id='word_1_332' title='bbox 830 3952 996 4015; x_wconf 85' lang='lat' dir='ltr'>llrilauniae</span> <span class='ocrx_word' id='word_1_333' title='bbox 1010 3953 1157 4016; x_wconf 79' lang='lat' dir='ltr'>lorminuc</span> <span class='ocrx_word' id='word_1_334' title='bbox 1173 3961 1264 4037; x_wconf 82' lang='lat' dir='ltr'>palei.</span> 
     </span>
     <span class='ocr_line' id='line_1_36' title="bbox 97 4053 1305 4140; baseline 0.002 -20"><span class='ocrx_word' id='word_1_335' title='bbox 97 4057 148 4120; x_wconf 82' lang='lat' dir='ltr'>sol</span> <span class='ocrx_word' id='word_1_336' title='bbox 171 4057 260 4119; x_wconf 85' lang='lat' dir='ltr'>eliam</span> <span class='ocrx_word' id='word_1_337' title='bbox 282 4055 360 4118; x_wconf 83' lang='lat' dir='ltr'>ullra</span> <span class='ocrx_word' id='word_1_338' title='bbox 385 4073 442 4118; x_wconf 81' lang='lat' dir='ltr'>noo</span> <span class='ocrx_word' id='word_1_339' title='bbox 468 4053 548 4117; x_wconf 90' lang='lat' dir='ltr'>nulla</span> <span class='ocrx_word' id='word_1_340' title='bbox 570 4074 642 4136; x_wconf 82' lang='lat' dir='ltr'>gens</span> <span class='ocrx_word' id='word_1_341' title='bbox 658 4065 713 4130; x_wconf 82' lang='lat' dir='ltr'>eol,</span> <span class='ocrx_word' id='word_1_342' title='bbox 734 4055 769 4118; x_wconf 72' lang='lat' dir='ltr'>ael</span> <span class='ocrx_word' id='word_1_343' title='bbox 786 4073 874 4138; x_wconf 82' lang='lat' dir='ltr'>quam</span> <span class='ocrx_word' id='word_1_344' title='bbox 891 4073 946 4118; x_wconf 79' lang='lat' dir='ltr'>nos</span> <span class='ocrx_word' id='word_1_345' title='bbox 961 4055 1091 4138; x_wconf 82' lang='lat' dir='ltr'>recipere</span> <span class='ocrx_word' id='word_1_346' title='bbox 1106 4058 1268 4140; x_wconf 80' lang='lat' dir='ltr'>possimus.</span> <span class='ocrx_word' id='word_1_347' title='bbox 1303 4067 1305 4070; x_wconf 82' lang='grc'><strong>’</strong></span> 
     </span>
     <span class='ocr_line' id='line_1_37' title="bbox 98 4157 1269 4245; baseline 0.003 -23"><span class='ocrx_word' id='word_1_348' title='bbox 98 4157 1269 4245; x_wconf 76' lang='lat' dir='ltr'>Quamgraolaliouemaonaiuooalluquoelamririsollerlissimiellicipoluissc</span> 
     </span>
     <span class='ocr_line' id='line_1_38' title="bbox 98 4261 1269 4346; baseline 0.003 -21"><span class='ocrx_word' id='word_1_349' title='bbox 98 4263 247 4328; x_wconf 76' lang='lat' dir='ltr'>violemus:</span> <span class='ocrx_word' id='word_1_350' title='bbox 268 4261 473 4324; x_wconf 81' lang='lat' dir='ltr'>lrameiliemla</span> <span class='ocrx_word' id='word_1_351' title='bbox 493 4261 573 4324; x_wconf 90' lang='lat' dir='ltr'>enim</span> <span class='ocrx_word' id='word_1_352' title='bbox 594 4261 716 4326; x_wconf 86' lang='lat' dir='ltr'>lucrum</span> <span class='ocrx_word' id='word_1_353' title='bbox 735 4261 822 4324; x_wconf 81' lang='lat' dir='ltr'>nerlu</span> <span class='ocrx_word' id='word_1_354' title='bbox 840 4263 975 4344; x_wconf 81' lang='lat' dir='ltr'>proxima</span> <span class='ocrx_word' id='word_1_355' title='bbox 989 4263 1026 4328; x_wconf 79' lang='lat' dir='ltr'>ele</span> <span class='ocrx_word' id='word_1_356' title='bbox 1042 4263 1142 4346; x_wconf 72' lang='lat' dir='ltr'>ignoto</span> <span class='ocrx_word' id='word_1_357' title='bbox 1157 4275 1187 4328; x_wconf 80' lang='lat' dir='ltr'>el</span> <span class='ocrx_word' id='word_1_358' title='bbox 1202 4285 1269 4328; x_wconf 81' lang='lat' dir='ltr'>ma-</span> 
     </span>
     <span class='ocr_line' id='line_1_39' title="bbox 96 4360 1269 4452; baseline 0.002 -22"><span class='ocrx_word' id='word_1_359' title='bbox 96 4360 212 4448; x_wconf 71' lang='lat' dir='ltr'>gui&#39;bco,</span> <span class='ocrx_word' id='word_1_360' title='bbox 228 4375 260 4430; x_wconf 92' lang='lat' dir='ltr'>ul</span> <span class='ocrx_word' id='word_1_361' title='bbox 276 4373 415 4448; x_wconf 81' lang='lat' dir='ltr'>ruperalo</span> <span class='ocrx_word' id='word_1_362' title='bbox 431 4365 488 4428; x_wconf 91' lang='lat' dir='ltr'>boc</span> <span class='ocrx_word' id='word_1_363' title='bbox 500 4363 651 4428; x_wconf 76' lang='lat' dir='ltr'>interuallo</span> <span class='ocrx_word' id='word_1_364' title='bbox 667 4365 702 4428; x_wconf 83' lang='lat' dir='ltr'>ml</span> <span class='ocrx_word' id='word_1_365' title='bbox 718 4365 878 4429; x_wconf 77' lang='lat' dir='ltr'>neminum</span> <span class='ocrx_word' id='word_1_366' title='bbox 896 4367 1063 4430; x_wconf 85' lang='lat' dir='ltr'>llrilanniae</span> <span class='ocrx_word' id='word_1_367' title='bbox 1079 4387 1183 4433; x_wconf 75' lang='lat' dir='ltr'>rursus</span> <span class='ocrx_word' id='word_1_368' title='bbox 1197 4387 1269 4452; x_wconf 80' lang='lat' dir='ltr'>per-</span> 
     </span>
    </p>
   </div>
   <div class='ocr_carea' id='block_1_3' title="bbox 0 0 1598 4949">
    <p class='ocr_par' dir='ltr' id='par_1_4' title="bbox 0 0 1598 4949">
     <span class='ocr_line' id='line_1_40' title="bbox 0 0 1598 4949; baseline 0 0"><span class='ocrx_word' id='word_1_369' title='bbox 0 0 1598 4949; x_wconf 95' lang='lat' dir='ltr'> </span> 
     </span>
    </p>
   </div>
  </div>
 </body>
</html>
