3186 4958
789 507 848 572 181

238 699 315 782 apud
330 698 505 780 Aeschylum
522 697 604 760 l’ers.
619 715 646 760 r.
663 695 741 761 573:
764 697 852 779 igitur
871 687 1053 762 ἆνοτείνειν
1073 691 1156 784 βοήν
1170 700 1188 762 i.
1205 721 1234 784 q.
1250 691 1405 783 duodecin,

238 804 290 866 sed
305 795 390 886 τόνῳ
406 801 640 876 uehementiore,
656 802 907 882 quemadmodum
923 791 1106 882 ὑπέρτονον
1126 796 1211 882 βοάν
1232 803 1405 888 Aristopha-

240 923 294 968 nes
309 905 386 967 hub.
401 923 428 965 r.
447 904 530 968 1118
545 905 633 966 habet
647 905 677 966 in
693 922 781 967 rersu
795 925 832 967 ex
846 905 994 986 Euripidis
1006 905 1104 978 Peleo,
1120 913 1153 968 ut
1167 905 1278 969 scholia
1290 907 1407 971 «locent.

325 1005 357 1068 v.
378 1005 440 1066 037
460 1005 596 1086 queritur
614 1005 815 1090 Dicaeopolis,
842 1007 921 1089 quod
945 1005 1140 1070 Athenienses
1160 1007 1257 1070 nolrile
1278 1007 1348 1070 illud
1369 1009 1406 1070 da

239 1107 457 1190 Megarensibus
476 1109 646 1190 psephisma
666 1110 768 1172 tollere
789 1107 945 1172 noluerint.
980 1109 1133 1173 Petierunt
1154 1109 1209 1184 illi,
1229 1109 1339 1191 inquit,
1365 1105 1406 1172 τὸ

239 1201 396 1297 ψήφισμ’
419 1201 516 1286 ὅπως
536 1201 884 1296 prreorpopcip,rerbo
907 1220 994 1274 utens
1013 1211 1099 1274 lucilii
1113 1211 1233 1293 quidem
1249 1211 1284 1274 ad
1299 1209 1407 1275 intelli·

238 1314 378 1396 gendum,
393 1313 445 1375 sed
461 1330 521 1376 non
536 1323 635 1376 tamen
651 1313 681 1375 in
696 1313 745 1376 tnli
761 1331 793 1376 re
808 1313 931 1376 usitato:
948 1331 1016 1376 nam
1028 1311 1135 1376 dicitur
1145 1313 1229 1394 culpo
1244 1307 1407 1397 deripimus

240 1408 443 1497 &sororisant
452 1415 639 1496 καθαιρεῖν,
650 1414 810 1478 ο.ο.ΤΙιιιο.
827 1417 854 1489 1,
866 1415 934 1478 rau.
956 1415 1135 1497 interpretes
1147 1415 1406 1496 illudperourpc·

239 1511 319 1606 «peip
334 1520 450 1582 silentio
466 1517 745 1600 praetermiserunt:
768 1537 874 1602 operae
890 1517 1018 1600 pretinm
1035 1517 1123 1598 igitur
1136 1517 1226 1580 luerit
1239 1518 1407 1594 ostendere,

241 1622 319 1686 uude
331 1621 507 1684 insolentem
521 1623 699 1685 locutionem
712 1619 924 1704 Aristophanes
935 1620 1099 1701 sumpsisse
1112 1619 1251 1682 rideatur.
1273 1620 1409 1702 sumpsit

239 1745 257 1788 e
270 1723 491 1788 Lacedaemonii
503 1725 655 1788 cuiusdam
669 1723 763 1798 dicto,
775 1725 811 1788 de
824 1742 884 1808 quo
895 1723 987 1788 rciert
997 1723 1183 1798 Plutarchus.
1196 1723 1299 1786 uertet.
1312 1743 1338 1786 c.
1351 1723 1408 1786 0οι

240 1821 373 1912 λέγουσι
404 1822 442 1893 di
463 1819 644 1910 πρεσβείας
667 1817 833 1913 Ἅονὶνοζτ
848 1823 926 1914 περὶ
946 1819 1072 1892 τούτων
1093 1821 1130 1892 έν
1152 1823 1409 1907 Λακεδαίμονος

242 1921 429 2018 ἀφιγμένης
450 1927 508 1995 ναὶ
530 1931 590 1997 τοῦ
612 1925 813 2015 Περικλέους
831 1925 933 2015 νόμον
946 1927 1022 1996 arrd
1038 1925 1290 2015 προβολομένοο
1304 1923 1409 1994 audri-

245 2055 325 2100 οντα
355 2031 512 2100 καθελεῖν
543 2030 583 2099 τὸ
610 2029 782 2114 πινάκιον,
815 2027 849 2098 έν
877 2022 905 2122 pl
931 2029 971 2098 τό
999 2029 1162 2121 ψήφισμα
1189 2027 1410 2118 γεγραμμένον

242 2131 423 2222 ἐτύγχανεν,
446 2130 553 2203 εἰπεῖν
574 2135 733 2224 Πολτνλῇ
757 2141 824 2202 τοῖν
846 2131 1018 2224 πρέσβεων
1039 2133 1130 2202 τινά·
1153 2136 1200 2200 §a
1223 2133 1326 2222 (lipari
1349 2157 1408 2200 να-

243 2235 356 2328 οέλρς,
379 2233 465 2307 stlte
487 2235 667 2328 στρέψον
688 2233 786 2307 ai‘oru
807 2237 846 2307 cri
870 2237 1043 2308 πινάκιον·
1067 2233 1105 2306 ori
1128 2239 1190 2326 γάρ
1213 2235 1284 2307 ἔστι
1306 2235 1410 2324 νόμος

243 2338 263 2410 tl
284 2344 383 2412 τοῦτο
405 2339 549 2410 πωλέων.

328 2451 361 2516 v.
379 2451 440 2515 605
464 2450 540 2514 inter
562 2449 700 2514 homines
721 2449 802 2515 nullo
823 2468 879 2514 suo
902 2449 1010 2516 merito
1025 2449 1061 2514 ad
1076 2451 1204 2534 gerenda
1219 2449 1260 2514 rei
1277 2449 1410 2535 publicae

243 2555 359 2639 repnte
387 2555 548 2618 lrnuoritira
574 2562 605 2618 et
629 2563 806 2638 rpuaestuosa
831 2555 947 2619 admitti
972 2556 1077 2620 solitos
1098 2563 1303 2620 memorantur
1321 2555 1411 2620 etiam

244 2652 543 2740 Διομτνολάζονες,
563 2657 600 2721 οο
622 2659 730 2742 quihus
744 2657 814 2742 quid
829 2659 1020 2724 statuendum
1036 2659 1076 2724 sb
1090 2679 1125 2723 ex
1142 2659 1352 2742 interpretibus
1367 2661 1412 2724 rel

244 2762 393 2826 veteribus
414 2761 457 2824 rel
478 2761 692 2826 recenlioribus
712 2764 822 2828 imstra
838 2781 971 2846 quaeras.
1002 2763 1118 2827 Dudum
1134 2773 1233 2828 autem
1250 2784 1266 2828 a
1281 2764 1367 2828 nohis
1382 2763 1413 2827 in

244 2866 469 2950 antiquitatibus
484 2865 537 2932 iur.
554 2867 634 2950 publ.
651 2867 701 2929 Gr.
717 2886 746 2949 p.
763 2866 836 2938 305,
851 2867 881 2942 1,
903 2873 1052 2950 repostos
1068 2867 1099 2930 in
1114 2867 1413 2932 commentatiuncula

245 2971 282 3034 de
297 2969 406 3034 Cratini
421 2969 545 3034 iunioris
561 2970 664 3052 lragm.
680 2987 749 3036 aun.
768 2969 849 3034 1858
865 2970 952 3044 edita,
974 2970 1094 3053 qtrinam
1111 2969 1152 3033 illi
1167 2965 1413 3050 Διομειολάζο-

244 3094 296 3152 aar
310 3075 401 3139 luisse
416 3073 586 3138 riderentur
600 3073 766 3158 expositum
783 3079 838 3137 est.
868 3074 943 3138 Nam
960 3075 1036 3136 inter
1049 3073 1188 3137 sodalicia
1203 3071 1271 3137 rarii
1287 3073 1412 3156 generis,

245 3198 373 3263 quonum
396 3179 522 3262 plurima
544 3179 667 3242 Athenis
687 3177 758 3241 olim
780 3177 870 3241 luisse
890 3185 1022 3252 constat,
1048 3187 1133 3242 eraut
1152 3177 1241 3241 etiam
1261 3178 1412 3254 nonnulla,

245 3303 321 3368 quae
341 3283 412 3348 nihil
427 3283 489 3347 iere
511 3281 589 3346 aliud
612 3281 667 3346 sihi
683 3285 870 3366 propositum
886 3281 1043 3356 liniebant,
1058 3301 1147 3366 quam
1163 3291 1197 3346 ut
1211 3281 1296 3346 statis
1311 3281 1414 3347 diebus

245 3387 410 3471 congregati
421 3387 536 3452 sorlrrles
548 3387 625 3450 iuter
635 3405 668 3449 se
680 3387 904 3450 convivarentur
914 3387 1103 3469 hilariterque
1114 3385 1237 3450 iocando
1246 3383 1414 3450 etludeudo

246 3511 278 3556 se
294 3492 483 3556 oblectarent.
514 3489 556 3554 Ex
572 3490 630 3554 boc
642 3507 749 3572 genere
764 3507 859 3554 uuum
876 3490 1091 3554 nobilissimum
1107 3489 1198 3554 luisse
1213 3487 1413 3572 comperimus

247 3596 403 3662 hominum
428 3595 578 3678 sexaginta
604 3612 744 3669 numero,
769 3593 821 3678 qui
843 3603 1001 3678 patronum
1022 3594 1077 3660 sibi
1094 3593 1249 3658 llereulcm
1271 3595 1411 3668 fecerant.

248 3700 369 3764 heroem
390 3699 535 3784 epulando
556 3709 587 3762 et
605 3699 736 3781 potando
757 3715 817 3763 non
839 3699 937 3762 nrinus
957 3717 1047 3782 quam
1067 3697 1217 3762 laboribus
1232 3695 1415 3762 enuntiandis

248 3803 411 3886 insignem.
430 3805 459 3867 in
479 3802 564 3868 cuius
582 3803 727 3866 comitatu
742 3802 865 3887 preinde
879 3802 969 3866 elium
985 3802 1114 3884 cyathus
1128 3809 1159 3864 et
1179 3801 1259 3884 Cplix
1275 3818 1414 3866 nurnero·

249 3906 372 3984 bantur,
393 3925 522 3991 qursmm
543 3917 679 3970 naturam
701 3914 731 3970 et
752 3924 851 3970 mores
866 3907 928 3990 ipsa
943 3905 1065 3970 nomina
1080 3904 1239 3969 declarant.
1268 3905 1311 3968 Ad
1327 3905 1415 3968 huius

248 4009 335 4094 igitur
349 4011 449 4075 lartum
467 4011 624 4076 lliomense
640 4010 678 4076 illi
693 4010 780 4075 certis
796 4010 980 4094 temporibus
995 4009 1249 4094 congregabantur
1263 4008 1416 4091 multaque

248 4113 384 4179 iocularia
400 4115 486 4180 dietis
500 4115 644 4198 lactisque
659 4113 792 4190 edebant,
808 4133 939 4199 quorum
956 4121 1035 4178 lanta
1046 4131 1107 4176 non
1118 4113 1216 4177 solum
1229 4113 1353 4176 Athenis
1363 4113 1416 4176 aed

249 4218 337 4281 etiam
353 4217 429 4300 apud
445 4227 563 4282 exteros
577 4217 730 4282 celebritas
744 4219 809 4294 luit.
830 4227 863 4284 ut
878 4217 1039 4300 Philippus,
1059 4205 1110 4281 r'ex
1126 4215 1328 4290 Macedoniae,
1351 4234 1417 4280 ma·

249 4337 324 4402 gnus
338 4321 528 4384 ridiculorum
544 4332 669 4396 amator,
684 4321 792 4386 librum
804 4323 860 4388 sibi
872 4323 908 4385 de
920 4321 954 4386 iis
966 4321 1106 4406 componi
1119 4320 1232 4384 iuberet
1246 4321 1325 4384 lauta
1336 4337 1417 4382 mer·

250 4423 320 4487 cede
339 4421 446 4487 oblata.
476 4423 615 4488 delemur
635 4424 692 4488 boo
710 4424 747 4488 ab
762 4425 927 4502 Athenaeo,
949 4424 1024 4500 xlv.
1040 4423 1059 4490 3
1080 4443 1109 4510 p.
1126 4425 1188 4488 611
1210 4435 1240 4488 e‘.
1256 4423 1307 4496 t't.
1329 4422 1371 4485 76
1385 4440 1415 4503 p.

251 4523 322 4589 260.
353 4524 384 4586 ld
399 4525 571 4590 sodalicium
587 4545 649 4592 nou
664 4527 789 4610 ubtttppi
804 4527 925 4594 demum
940 4537 1037 4592 aetate
1052 4529 1169 4603 initum,
1183 4529 1236 4592 sed
1248 4527 1306 4592 iana
1317 4525 1418 4589 multis
