3186 4968
738 421 889 520 Q

222 607 344 673 numen'
363 607 599 690 incongruentia,
626 597 719 685 ὅστις
740 642 780 654 --
802 601 944 686 τούτοις,
966 608 1195 693 haudquaquam
1218 612 1336 679 insolita
1356 625 1401 678 eat

222 709 402 791 facilemque
415 707 506 773 habet
520 707 755 791 explicationem.
787 709 844 774 Sed
861 709 937 774 hanc
959 709 1052 794 ipsam
1072 711 1174 778 tollere
1191 712 1259 778 lieet
1273 715 1400 782 ramim

223 810 445 886 emendatione,
460 829 537 895 quae
552 811 624 876 mihi
640 811 722 888 olim,
738 822 769 877 et
782 812 861 877 haud
878 813 940 877 acio
955 831 992 878 an
1008 813 1072 876 aliia
1087 833 1207 899 quoque
1223 816 1253 880 in
1270 827 1400 882 mentem

224 915 319 990 venit,
333 909 372 980 ad
388 909 524 1000 σῶφρον
537 905 717 1000 εἰλήχασιν.
744 915 819 979 llam
835 920 904 1000 poet
918 915 1049 980 dativum
1065 907 1160 995 ὅσοις
1174 917 1296 985 verbum
1313 911 1404 1006 ailq'·

222 1035 327 1099 2oora
347 1017 461 1102 absque
476 1017 583 1082 diaerta
604 1015 708 1082 mutati
730 1017 855 1084 subiecti
876 1017 1077 1102 designatione
1098 1019 1229 1104 positum
1251 1021 1401 1088 nominem

225 1119 369 1186 olleudet

266 1193 277 1215 '
320 1223 419 1290 lieleo.
433 1243 458 1288 r.
475 1225 517 1291 35
532 1225 606 1290 luno
621 1223 729 1292 dieitur
742 1225 933 1292 simulacrum
946 1225 1073 1291 Helenae
1088 1226 1219 1303 finxisse,

434 1321 575 1394 aidmloa
596 1322 741 1413 ἔμπνουν
762 1319 902 1412 οὐρανοῦ
923 1320 1069 1408 ξινθιῐέ
1093 1323 1169 1408 ὕπο,

227 1445 263 1499 et
278 1433 403 1500 tuendae
418 1431 644 1518 praepositionis
660 1451 748 1498 cauae
762 1431 884 1498 luerunt
899 1433 950 1516 qui
964 1433 1120 1516 aiquilreari
1140 1445 1346 1514 autumarent,
1368 1439 1402 1503 il·

228 1539 282 1605 lud
298 1538 491 1602 simulacrum
506 1555 563 1621 ope
577 1535 704 1598 aetheria
719 1535 888 1600 conlectum
905 1556 979 1610 eoae,
995 1537 1085 1620 idque
1106 1539 1295 1624 comprobari
1315 1541 1404 1605 etiam

231 1661 321 1707 eerau
335 1641 409 1718 utu,
424 1639 474 1704 uli
488 1639 608 1704 elabena
623 1637 815 1704 simulacrum
831 1639 917 1703 dicit:
931 1631 1048 1725 πατέρ’
1064 1631 1112 1718 ric
1123 1635 1405 1726 odpoadadnaape,

230 1755 263 1810 et
290 1761 376 1808 reram
397 1741 473 1817 584,
500 1741 550 1806 ubi
582 1743 735 1826 quaerenti
761 1741 909 1818 lleoelao,
935 1739 993 1808 aei
1022 1744 1074 1822 τίς
1094 1738 1262 1827 βλέποντα
1283 1737 1407 1830 σώματ’

230 1841 455 1931 ἐξεργάζεται,
478 1847 639 1929 respondet
655 1845 773 1920 llelona,
789 1838 923 1932 Αἰθήρ.
946 1847 1094 1924 Quaerere
1108 1854 1208 1914 aulem
1223 1861 1292 1916 ante
1308 1852 1408 1916 omnio

233 1954 390 2026 debebant,
405 1969 577 2034 unquamne
591 1949 635 2014 eie
648 1949 716 2014 alibi
732 1942 799 2014 dmi
813 1951 927 2020 dictum
942 1970 958 2014 a
978 1971 1128 2036 quoquam
1150 1955 1189 2018 ait
1208 1963 1260 2020 aut
1274 1955 1330 2020 dici
1352 1973 1407 2040 po·

233 2055 327 2122 tuerit
341 2055 378 2120 de
392 2075 440 2128 eo,
455 2055 540 2119 mim
562 2053 666 2136 aliquia
681 2053 789 2117 auxilio
814 2054 844 2117 in
864 2073 955 2136 opere
975 2055 1110 2120 iaciendo
1131 2067 1245 2136 uratum
1265 2059 1294 2121 id
1313 2058 1409 2121 donec

234 2159 394 2246 probatum
404 2158 503 2232 luerit,
513 2156 652 2240 equidem
662 2148 734 2220 ἀπό
745 2157 949 2241 reponendum
961 2178 1026 2221 eoae
1035 2177 1153 2234 moneo,
1166 2161 1245 2244 quod
1257 2161 1407 2226 lleislium

235 2281 358 2350 quoque
373 2261 502 2327 voluisse
517 2261 610 2324 uideo.
636 2259 703 2323 Nou
719 2258 799 2324 enim
815 2260 923 2324 auxilio
939 2261 1111 2346 neruoque
1126 2263 1409 2328 Caeliautlletlreria

236 2368 384 2434 lunonem
399 2365 430 2428 io
444 2363 581 2446 lingendo
592 2363 750 2428 aimulaoro
767 2379 851 2426 ursam
864 2362 1001 2438 arbitror,
1013 2365 1065 2428 aed
1077 2365 1231 2430 materiam
1244 2387 1279 2430 ex
1290 2367 1409 2430 aethere

237 2477 389 2555 sumptam
405 2468 435 2529 io
451 2465 583 2531 mulieria
598 2465 725 2531 formam
741 2465 950 2530 condemnare.
995 2467 1080 2542 Quod
1096 2487 1189 2550 quum
1211 2469 1339 2534 aetlreria
1355 2486 1408 2533 na·

239 2583 315 2648 tura,
331 2592 367 2636 ex
382 2569 528 2656 Euripidie
543 2569 662 2654 quidem
685 2567 846 2644 tentantia,
865 2569 928 2653 ipae
948 2569 1113 2636 animabilia
1133 2581 1214 2636 earet
1233 2573 1409 2657 vitalemque

239 2677 376 2764 apiritum
392 2675 468 2740 inae
484 2671 616 2748 haberet,
632 2707 674 2720 -
689 2670 941 2756 quemadmodum
957 2669 1046 2738 elia'm
1060 2675 1152 2740 Stoici
1163 2675 1324 2740 censebant
1340 2675 1409 2754 (rid.

240 2775 557 2853 credentiae,
578 2777 630 2842 nt.
650 2787 680 2842 et
700 2777 751 2852 45,
778 2775 871 2852 lll.),
893 2775 963 2840 hine
984 2775 1095 2842 llelena
1114 2786 1195 2844 reete
1217 2777 1349 2844 llenelao
1369 2777 1409 2852 ld,

241 2885 320 2970 quod
335 2901 424 2970 supra
440 2881 604 2968 posuimua,
619 2881 800 2967 reapondem
815 2879 923 2967 potuit,
938 2882 1018 2967 quod
1030 2901 1090 2966 quo
1102 2881 1194 2946 modo
1206 2881 1407 2968 arripiendum

241 2989 290 3064 ait,
305 2989 393 3054 etiam
408 2987 542 3073 proxima
558 2986 645 3050 rerba
660 2986 831 3060 oeteodunt,
847 2977 931 3050 ὅθεν
952 2981 992 3049 oi·
1016 2977 1196 3072 θεοπόνητ’
1218 2977 1304 3066 ἔχεις
1323 2979 1408 3070 λέχη,

242 3095 321 3160 lae.
341 3083 399 3182 ἀφ’
429 3077 469 3152 od·
492 3090 536 3154 rel
560 3081 596 3168 ἐξ
617 3071 666 3168 οὗ,
689 3089 862 3174 neutiquam
882 3099 982 3155 autem
1006 3080 1063 3174 ὑφ’
1084 3075 1133 3154 οὗ.
1178 3089 1219 3156 lle
1235 3089 1410 3176 permutatio

243 3197 430 3264 ldrrariorum
456 3213 556 3260 errore
578 3194 845 3280 praepositionibus
865 3183 937 3257 dard
962 3203 993 3257 et
1020 3183 1089 3258 aad
1116 3193 1213 3259 dicere
1235 3193 1308 3260 nihil
1334 3211 1411 3277 opua

245 3309 300 3368 eat
344 3301 440 3367 Etiam
460 3299 538 3385 apud
561 3299 741 3370 lleoiodum,
761 3298 859 3382 theoq.
882 3316 907 3359 r.
929 3298 990 3362 444
1011 3314 1072 3363 non
1094 3287 1154 3362 ὑπ’
1179 3287 1320 3384 οὐρανοῦ
1341 3315 1409 3362 eum

246 3403 458 3487 Goettlinqioe
481 3403 629 3489 plerisque
648 3401 809 3480 codicibus,
829 3401 882 3466 aed
904 3391 964 3466 ἀπ’
987 3391 1126 3487 οὐρανοῦ
1140 3421 1208 3468 cum
1224 3399 1412 3490 paucioribua

246 3509 435 3577 modum
450 3529 516 3574 ease
531 3507 635 3574 monui
649 3507 680 3572 io
695 3507 803 3593 Opuae
819 3505 845 3572 ll
860 3527 889 3593 p.
905 3506 977 3570 216.

332 3613 473 3683 nouem
488 3613 603 3680 tabulae
620 3633 646 3676 ν.
662 3611 724 3676 354
740 3609 828 3694 rulqo
842 3609 950 3696 legitur

390 3707 412 3806 ἢ
433 3713 629 3809 ξιφοκτόνον
652 3713 781 3800 δίωγμα

390 3816 594 3912 λοιμορῦνοο
616 3821 749 3912 σφαγᾶς

392 3921 611 4014 adroaldopm
634 3917 701 3992 ἕσιν
724 3919 861 3991 netem
884 3919 943 3990 ded
966 3914 1091 4010 σαρκὸς
1113 3916 1265 4006 ἅμιλλαν,

250 4045 280 4100 et
293 4028 493 4122 λοιμόρντον
514 4025 648 4121 σφαγάν
670 4029 825 4115 Euripides
844 4029 952 4095 dixiaae
971 4029 1101 4094 creditur
1123 4028 1255 4094 vulnus
1270 4039 1322 4094 aut
1336 4047 1415 4094 oae-

252 4137 329 4202 dem
345 4138 511 4222 qutturia
524 4135 727 4210 stillantia,
740 4135 911 4200 nrulnua
925 4131 1416 4218 tanquiucmequttureeli·

252 4239 330 4306 eien
339 4261 364 4307 a.
408 4241 442 4308 ld
456 4241 528 4308 mihi
542 4259 649 4328 parum
663 4237 800 4306 credibile
816 4237 940 4302 ridetur.
985 4236 1154 4322 Euripidem
1169 4235 1322 4321 acripoiaae
1337 4235 1417 4302 arbi·

253 4349 316 4408 taor
336 4339 535 4430 ξιφοκτόνον
556 4339 705 4430 διωγμὸν
726 4331 906 4428 oiproqdaoo
929 4337 1070 4428 σφαγᾶς.
