3186 4958
268 761 341 826 haec
358 761 420 825 sola
441 761 522 825 nullo
536 760 755 845 significationis
775 771 913 847 respectu
933 769 1056 849 propter
1070 761 1311 830 terminationem
1325 756 1430 847 proal-

255 860 366 951 'rqroe
387 858 598 948 ἐπιρρήματα
619 864 676 927 dici
692 865 857 928 voluerunt.

352 967 609 1031 Commemoratur
621 973 721 1032 aulem
737 969 826 1034 etiam
841 967 918 1032 aliud
934 985 1044 1032 nomon
1058 967 1203 1034 adverbiis
1218 989 1234 1034 a
1250 969 1358 1034 Stoicis
1372 969 1431 1033 irn-

266 1069 406 1154 positum,
423 1065 620 1156 πανδέκτρς.
650 1071 807 1134 ilationem
823 1071 951 1135 nominis
967 1073 1116 1136 Charisius
1132 1073 1167 1136 ll.
1178 1093 1206 1156 p.
1220 1073 1280 1136 175
1293 1071 1431 1152 (tuan),

267 1174 318 1257 qui
338 1191 417 1237 unus
437 1175 480 1237 rei
495 1173 579 1238 tostis
593 1183 649 1246 cst,
676 1175 751 1238 hanc
765 1195 831 1238 csse
846 1175 897 1249 ait,
919 1175 998 1258 quod
1015 1177 1113 1239 anania
1129 1175 1158 1238 in
1173 1195 1206 1239 so
1220 1175 1336 1260 capiant
1351 1173 1434 1256 quasi

267 1277 371 1343 collata
386 1297 439 1363 per
451 1287 593 1348 saturam,
609 1297 747 1342 concessa
762 1278 817 1342 sihi
832 1295 932 1341 rerum
945 1279 1021 1342 uaria
1034 1287 1189 1364 potestate.
1213 1279 1330 1343 Scilicet
1341 1278 1433 1362 siqni-

267 1383 354 1446 tlcaro
375 1382 432 1446 hoc
450 1381 570 1444 nomine
584 1382 751 1454 aolaaerunt,
771 1381 885 1446 nullum
901 1401 966 1446 esse
981 1399 1074 1465 genus
1089 1382 1256 1460 notionum,
1277 1383 1357 1467 quod
1372 1401 1434 1448 non

269 1487 363 1568 possit
375 1485 463 1550 ctiam
475 1483 603 1549 adverbii
615 1485 742 1548 formam
756 1486 895 1562 induere3
910 1486 988 1549 unde
1000 1486 1200 1569 consequitur,
1215 1487 1244 1551 id
1257 1488 1337 1571 quod
1349 1487 1434 1550 iden·

267 1589 357 1652 tidcan
372 1607 388 1652 a
402 1587 601 1672 grammaticis
615 1588 787 1662 inculcatur,
803 1589 938 1652 adverbia
953 1609 990 1652 ex
1006 1590 1089 1653 omni
1110 1575 1192 1675 parte
1208 1591 1349 1654 orationis
1360 1589 1432 1653 heri.

266 1677 365 1754 Unum
381 1692 590 1773 Etpmoloqum
606 1691 696 1754 citare
712 1691 783 1754 satis
798 1701 854 1766 est,
870 1713 898 1777 p.
916 1693 966 1765 78,
983 1693 1043 1755 52:
1060 1686 1096 1756 da
1120 1693 1225 1757 notros
1245 1695 1354 1774 μερῶν
1374 1693 1434 1755 τοῦ

266 1787 366 1874 λόγου
387 1785 531 1873 γίνονται
553 1791 596 1856 rei
618 1787 846 1878 inappaipaarea
868 1789 904 1858 dx
927 1787 1070 1857 πάντων.
1100 1786 1173 1860 ἀπό
1195 1787 1367 1876 ὀνόματος,
1390 1787 1435 1872 ὥς

265 1891 305 1958 τὸ
326 1889 487 1978 φρόνιμος
500 1887 685 1979 φρονίμως·
712 1885 787 1958 ἄντρ’
808 1888 962 1980 ῥήματος,
984 1889 1030 1972 ὠς
1050 1893 1090 1960 τὸ
1112 1893 1249 1982 nquiorem
1275 1893 1433 1981 apa‘pldqe·

267 1987 339 2060 σίιό
360 1997 516 2082 μετοχῆς,
544 1989 589 2072 ὥς
615 1993 655 2060 cri
678 1989 901 2079 ἐπιστάμενος
922 1991 1166 2079 ἐπισταμένως·
1201 1991 1271 2061 tired
1295 1989 1434 2082 ἄρθρου,

269 2096 313 2176 ὥς
332 2095 372 2162 τὸ
396 2091 431 2176 ὅς
453 2091 512 2174 ὥς·
530 2089 601 2162 ainai
626 2090 838 2178 deraeamprioe,
860 2092 905 2177 ὥς
926 2097 965 2166 ari
988 2089 1086 2178 οὗτος
1108 2097 1228 2178 οὕτως·
1257 2093 1329 2164 chad
1352 2121 1436 2182 προ-

269 2197 405 2279 θέσεως,
433 2191 478 2278 ὥς
504 2196 543 2264 cd
570 2192 632 2262 dod
661 2191 738 2276 a’r'aem,
766 2195 851 2264 κατά
878 2197 982 2266 κάτω·
1010 2195 1082 2266 daal
1107 2199 1298 2282 συνδέσμου,
1328 2195 1373 2278 ὥς
1395 2199 1434 2266 rai

269 2297 365 2368 καθά
387 2297 504 2380 καθώς
527 2304 636 2388 (aptius
650 2303 825 2369 Theodorus
842 2307 928 2379 Gaza,
949 2327 978 2388 p.
995 2307 1067 2374 258.
1083 2301 1119 2370 ἐκ
1141 2303 1200 2371 τοῦ
1223 2301 1265 2390 δή
1288 2304 1345 2370 καὶ
1369 2299 1437 2370 rroai

269 2403 325 2472 καὶ
349 2400 408 2472 ata·
429 2402 626 2494 defunc-ttae).
657 2407 741 2483 Quod
757 2409 783 2471 si
798 2409 918 2472 luerunt
933 2409 1010 2472 inter
1027 2410 1144 2472 Stoicos
1160 2412 1210 2491 qui
1225 2420 1346 2496 propter
1360 2411 1438 2473 lianc

270 2531 388 2576 causam
401 2529 511 2574 nomen
523 2511 593 2574 illud
603 2511 746 2574 adverbiis
759 2512 956 2596 imponerent,
969 2514 1025 2575 hos
1037 2513 1187 2594 prolmliile
1198 2523 1243 2575 ost
1255 2533 1270 2574 a
1283 2511 1437 2596 Chrysippi

271 2615 403 2678 doctrina
418 2613 533 2696 lonqiars
547 2615 635 2676 otiam
649 2633 737 2696 quam
748 2615 933 2698 Antipatrum
947 2616 1119 2678 discessisse
1132 2627 1219 2696 atquo
1230 2635 1350 2678 omnem
1364 2617 1439 2678 hanc

269 2717 446 2800 tarragimm
461 2717 681 2790 vocabulorum,
698 2737 773 2798 quae
788 2719 873 2800 tulga
889 2739 905 2780 a
920 2719 1119 2798 grammaticis
1134 2719 1268 2782 adverbia
1285 2719 1341 2782 dici
1357 2719 1438 2782 vidc-

271 2830 347 2894 rcnt,
374 2820 423 2884 illo
450 2813 636 2882 rrueda'arrov
661 2821 735 2894 (scil.
756 2821 932 2900 μερισμοῦ)
960 2821 1081 2882 nomine
1106 2821 1277 2901 complexos
1300 2841 1374 2892 asse,
1401 2837 1438 2882 no

272 2923 523 2988 interiectionibus
537 2923 656 3003 quidem
669 2923 806 2996 exclusis,
821 2922 967 3005 siqnidem
979 2923 1056 3004 apud
1070 2922 1235 2986 Charisium
1248 2943 1276 3005 p.
1291 2923 1350 2986 tun
1360 2922 1394 2985 li.
1408 2922 1438 2996 ii,

272 3026 321 3108 qui
342 3025 395 3089 has
417 3025 448 3088 in
467 3024 612 3088 aalrerbiis
627 3035 827 3101 numerarent,
850 3026 1018 3090 Stoicorum
1040 3045 1072 3088 so
1087 3026 1259 3088 auctoritato
1275 3025 1440 3089 defendisse

272 3129 421 3200 dicuntur,
448 3128 498 3210 qui
525 3127 633 3192 lalcirco
660 3123 846 3213 moade'acqe
865 3149 929 3192 eam
957 3139 1070 3210 partem
1097 3128 1239 3191 orationis
1255 3129 1439 3212 appellarint.

272 3233 459 3314 Quamquam
475 3231 533 3294 hoc
548 3231 668 3312 quidem
684 3232 830 3296 incertum
844 3243 908 3294 est:
931 3241 1018 3312 negat
1033 3231 1111 3294 enim
1128 3231 1275 3293 Charisius
1290 3233 1369 3294 illam
1386 3233 1440 3293 de-

271 3335 435 3398 tonsionem
451 3333 663 3396 admittendam
678 3353 754 3407 osso,
770 3335 853 3396 etita
869 3343 966 3414 negat,
981 3342 1014 3396 ul
1030 3333 1198 3394 Stoicorum
1215 3333 1348 3416 ipsorum
1370 3352 1441 3396 auc

273 3437 424 3498 toritatem
439 3435 474 3498 iia
489 3454 640 3520 opponere
655 3437 797 3499 rideatur.
821 3438 880 3500 Sed
895 3438 977 3498 locus
992 3433 1065 3496 adeo
1078 3433 1230 3496 mutilatus
1242 3444 1273 3497 ot
1285 3445 1442 3517 corruptus

271 3546 326 3612 est,
352 3545 387 3600 ut
412 3537 497 3620 qalaue
522 3537 643 3620 intelligi
669 3549 806 3620 nequeat.
836 3539 899 3601 lloc
917 3547 1016 3600 autern
1032 3553 1120 3598 nemo
1137 3535 1223 3598 hodie
1238 3545 1334 3616 negat,
1361 3545 1442 3599 recto

271 3637 376 3702 teclam
391 3658 451 3712 eos,
474 3639 525 3721 qui
545 3639 766 3702 interiectiones
786 3639 823 3701 au
843 3637 988 3702 adverbiis
1003 3645 1178 3718 separarunt
1192 3647 1223 3700 et
1238 3637 1392 3720 proprium
1407 3637 1443 3700 i'e

271 3739 301 3802 in
315 3741 449 3825 partibus
463 3741 605 3804 orationis
619 3741 718 3804 locum
733 3740 928 3820 assignarunt,
942 3759 1032 3822 quam
1048 3739 1204 3812 rationem,
1219 3759 1236 3803 a
1251 3741 1363 3803 Latinis
1379 3759 1443 3802 mo·

271 3841 328 3906 rito
342 3843 512 3928 probatam,
533 3843 623 3907 etiam
639 3844 767 3908 Graecos
782 3843 940 3905 nonnullos
956 3842 1117 3924 praeivisse
1129 3861 1164 3905 er
1179 3842 1324 3924 Apollonii
1341 3851 1444 3905 centra

272 3963 323 4007 cos
345 3945 554 4026 disputatione,
579 3945 616 4009 do
636 3963 693 4026 qua
713 3963 803 4025 supm
825 3945 1014 4018 dictumest,
1041 3943 1220 4026 intelligitur.
1251 3943 1359 4006 Nostra
1373 3960 1443 4006 roro

273 4053 367 4108 astato
387 4045 568 4109 morosiores
589 4045 708 4126 quidem
724 4045 906 4126 grammatici
929 4045 1148 4109 interiectione·
1163 4063 1286 4129 prorsus
1300 4052 1446 4126 negarunt

274 4146 304 4208 in
320 4143 461 4210 orationis
475 4147 607 4229 partibus
622 4147 821 4210 numerandas
837 4166 911 4222 esse,
928 4151 1033 4230 utpote
1048 4163 1108 4208 non
1124 4147 1335 4228 cogitationum
1352 4145 1445 4208 inter·

274 4259 370 4330 protos
384 4249 437 4312 sod
450 4251 610 4312 allectuum
621 4249 713 4330 signa,
728 4248 982 4330 quamadmodum
993 4247 1083 4311 etiam
1095 4248 1212 4324 bestias,
1228 4247 1336 4330 quibas
1349 4247 1444 4310 oratio

276 4349 361 4425 desit,
376 4369 468 4434 quum
484 4352 689 4416 vehementius
700 4351 874 4426 afficiantur,
890 4353 971 4415 hunc
981 4353 1119 4416 allectum
1133 4353 1253 4416 vocilius
1265 4350 1443 4435 quibusdam

277 4452 554 4536 prodeturideamus
566 4453 728 4516 alihumani
738 4453 886 4518 seranonis
899 4453 1150 4518 interiectionibus
1157 4456 1203 4518 ria
1214 4455 1267 4518 alia
1274 4451 1444 4528 rediremis,

277 4573 366 4638 quam
380 4555 460 4640 quod
475 4575 546 4632 non,
561 4557 638 4621 sicut
651 4557 716 4632 hac,
738 4557 938 4634 articulentur,
948 4557 1000 4621 sod
1016 4557 1200 4623 inarticulata
1216 4555 1442 4642 protendantur.
