3266 4958
650 395 800 496 „ps-

143 585 233 650 luerit
252 585 278 649 si
299 585 365 667 quis
387 603 441 668 pro
456 575 568 668 ἁψῖδα
582 595 707 668 reponat
721 575 852 662 α’κιῖνα,
873 602 962 666 quam
977 584 1178 648 coniecturam
1192 601 1308 649 uonna·

145 688 218 751 mini
240 688 271 751 in
291 695 423 752 mentem
444 686 559 752 venisse
579 688 716 762 memini,
738 687 788 768 qui
803 693 987 768 compararet
1002 687 1090 750 etlam
1106 689 1219 752 l’boen.
1235 707 1262 750 v.
1277 689 1307 758 5,

144 791 195 854 ubi
211 791 312 855 Solem
331 792 484 873 alloquens
499 791 612 854 Iocasta
632 783 678 866 ὥς
693 785 848 873 dccccxii,
869 789 978 871 inquit,
997 784 1146 874 &osticam
1165 791 1208 876 τῇ
1226 775 1310 852 τόθ’

144 883 250 978 ἡμέρᾳ
272 883 378 956 ἀκτῖν’
400 886 535 977 ἐφῆκας.
562 894 621 956 Sed
636 893 719 956 omni
735 891 896 955 mutatione
911 892 1118 955 abstinendum
1130 902 1191 955 est:
1207 891 1309 955 erbl-

145 1003 215 1056 tam
234 996 310 1058 Solis
325 995 457 1076 accipere
472 995 623 1058 montium
638 995 790 1058 cacumina
806 1011 866 1056 non
880 993 978 1074 inepte
993 995 1132 1057 dicuntur
1143 1004 1307 1076 prepterea,

145 1096 225 1179 quod
241 1097 292 1160 Sol
308 1096 406 1160 oriens
421 1096 552 1178 primum
565 1097 594 1158 in
607 1097 651 1158 bis
663 1097 865 1160 cacuminibus
877 1097 960 1178 quasi
971 1095 1108 1159 insistens
1120 1097 1308 1178 conspicitur,

145 1198 224 1262 unde
238 1199 390 1281 paullatim
405 1199 492 1262 altius
507 1198 651 1260 evellitur.

233 1300 294 1365 lam
309 1301 423 1366 oriente
439 1300 508 1364 Sole
522 1299 674 1363 adolentur
688 1300 775 1364 thura
790 1299 820 1362 in
836 1301 980 1364 bonorem
996 1299 1152 1382 Apollinis:

350 1397 493 1489 opriprqc
515 1396 550 1464 δ’
575 1393 715 1486 ἀνύδρου
736 1397 865 1478 καπνὸς
887 1394 935 1477 εἰς
957 1393 1101 1488 ὀρόφους

353 1505 481 1588 Φοίβου
503 1499 649 1569 πέτεται.

147 1607 289 1672 Codicum
314 1609 493 1690 scripturam
519 1603 679 1680 πέταται,
705 1607 742 1670 ab
767 1607 929 1671 editoribus
949 1607 1103 1688 blusgrarii
1123 1607 1258 1688 exemplo
1279 1605 1309 1668 in

146 1703 286 1774 πέτεται
302 1717 463 1786 mutatam,
479 1711 666 1772 llermannus
681 1710 720 1771 ita
736 1710 812 1773 tueri
826 1719 948 1772 conatus
964 1719 1023 1782 est,
1039 1718 1148 1771 utnon
1163 1709 1310 1772 volandi

147 1811 199 1874 sed
225 1812 411 1893 pandendi
430 1811 672 1894 significationem
694 1811 763 1874 bulc
784 1811 872 1874 serbo
891 1821 1050 1884 assereret,
1077 1830 1201 1892 eamque
1220 1813 1310 1874 etiam

146 1913 290 1995 aptiorem
306 1914 441 1977 beclem
457 1933 523 1976 esse
538 1913 743 1985 coratondemt,
765 1911 910 1992 siquidem
926 1912 977 1994 equi
993 1911 1117 1983 celaret,
1133 1913 1312 1993 relinqueret

146 2015 246 2077 locum
262 2034 298 2076 ex
310 2033 369 2096 quo
381 2015 574 2086 attolleretur,
590 2015 738 2076 thuribula
749 2031 818 2076 sero
830 2023 1007 2094 perpetuum
1019 2013 1136 2075 iuratum
1149 2014 1311 2076 mitterent.

147 2115 246 2198 Atqui,
262 2117 378 2197 opinor,
394 2116 444 2196 qui
460 2123 602 2198 perpetuo
618 2114 756 2188 mittitur,
772 2123 894 2196 propter
909 2113 936 2176 id
952 2114 1049 2194 ipsum
1065 2113 1153 2176 etiam
1169 2127 1311 2197 perpetuo

146 2218 241 2280 attolli
268 2237 285 2280 c
310 2215 461 2280 thuribulo
481 2227 569 2298 atque
590 2218 706 2279 erolare
726 2215 850 2278 ridetur.
885 2209 1066 2278 Hircoltru
1085 2225 1186 2278 autem
1207 2217 1311 2278 eodem

147 2337 237 2382 sensu
252 2337 312 2402 quo
328 2312 556 2382 mundaremini
568 2318 679 2381 dictum
692 2337 755 2380 esse
767 2318 848 2380 nullo
860 2336 915 2381 nec
927 2317 1097 2380 testimonio
1109 2337 1165 2382 nee
1175 2319 1311 2402 erernple

147 2421 264 2503 probari
280 2427 392 2504 potest:
409 2427 510 2484 eontra
525 2439 579 2501 pro
595 2415 742 2499 πέτομαι
757 2421 936 2484 recentiores
950 2419 1038 2482 etiam
1052 2413 1201 2500 πέταμαι
1214 2419 1311 2486 dicere

148 2523 254 2586 solitos
276 2543 341 2586 csse
356 2523 427 2586 satis
442 2531 558 2586 constat
572 2522 831 2603 gratnmatieorum
848 2522 923 2585 banc
937 2523 1064 2584 lormarn
1079 2523 1310 2603 improbantium

148 2625 334 2696 testimoniis,
351 2641 448 2706 neque
462 2623 571 2686 mirum
586 2643 603 2685 a
618 2623 744 2686 librariis
758 2641 824 2686 eam
839 2641 1052 2706 saepenumero
1068 2642 1122 2706 pro
1137 2623 1227 2688 altera
1237 2624 1311 2688 rub·

147 2727 285 2790 stitutum
300 2745 377 2790 esse.
392 2759 435 2772 -
449 2724 536 2798 Quod
551 2724 685 2806 sequitur
700 2743 725 2786 v.
743 2725 799 2786 bt:

427 2819 555 2890 Θᾶοοει
579 2821 616 2890 δὲ
639 2821 716 2910 year)
740 2818 886 2906 spirando
909 2819 1032 2904 ζάθεον

425 2924 555 3012 Διλφὶς
575 2917 727 2992 o’eidoee’
749 2922 887 3012 Ἕλλησι
909 2922 1002 3010 βοάς,

153 3107 154 3110 ¹
427 3019 466 3109 bb
488 3021 528 3094 dv
549 3023 726 3096 Ἀπόλλων
746 3025 923 3119 κελαδήσῃ,

149 3153 210 3200 non
232 3135 275 3201 sio
290 3135 493 3220 accipiendum
508 3143 567 3210 est,
590 3154 623 3198 ac
638 3135 663 3198 si
678 3133 735 3198 iam
752 3153 831 3199 nunc
846 3137 982 3199 sacerdes
997 3136 1101 3219 l'ptlria
1116 3135 1226 3219 tripodi
1240 3135 1314 3200 insi·

149 3239 222 3303 ‹lcns
244 3239 378 3304 vaticinia
392 3239 473 3314 edat,
495 3237 546 3302 sed
562 3247 596 3303 ut
611 3249 710 3323 parata
724 3259 789 3302 esso
805 3237 919 3303 dicatur
933 3241 968 3303 ad
984 3240 1243 3304 conscendendum
1259 3240 1315 3304 tri·

29 3377 41 3397 ·.
149 3342 257 3424 podem
280 3343 451 3425 edendaque
467 3341 597 3416 oracula,
619 3341 645 3406 sl
660 3342 711 3424 qui
726 3343 785 3406 sint
800 3343 850 3424 qm
866 3343 921 3407 rite
936 3346 1089 3408 consulere
1104 3345 1194 3408 deum
1209 3344 1313 3408 oetier:

149 3445 402 3526 quemadmodum
417 3446 512 3528 ipsam
526 3445 686 3527 Aeschylus
702 3449 890 3529 profitentem
904 3447 973 3512 lacit
988 3449 1018 3512 in
1033 3448 1154 3531 prologo
1170 3448 1314 3514 Eumeni·

148 3547 220 3612 dum
235 3567 262 3612 ν.
278 3549 335 3614 at:

593 3641 646 3716 arsi
667 3642 753 3738 πάρ’
770 3644 933 3738 Ἑλλήνων
953 3648 1048 3732 τινές,

394 3745 475 3820 ἴτων
495 3747 595 3841 πάλῳ
617 3747 782 3834 λαχόντες,
803 3747 851 3833 oie
871 3753 1054 3839 νομίζεται·

391 3850 598 3941 μαντεύομαι
620 3853 682 3943 γὰρ
704 3855 750 3936 ὥς
771 3847 812 3922 ι’ἰν
834 3851 953 3945 ἡγῆται
975 3853 1069 3937 θεός.

148 3961 199 4027 ubi
225 3961 296 4025 item
321 3962 469 4045 praesenti
494 3961 575 4026 verbi
600 3971 735 4045 tempore
760 3961 905 4027 indicatur
929 3982 977 4028 res
996 3965 1095 4048 paullo
1115 3973 1185 4047 pest
1203 3965 1313 4034 lutura
1341 3983 1350 3998 ·

150 4064 322 4146 Significant
339 4065 428 4147 igitur
441 4064 519 4128 lonis
538 4059 625 4128 verba
645 4065 725 4129 bunc
744 4067 822 4130 diens
845 4085 939 4130 unum
953 4087 991 4130 ex
1006 4067 1042 4131 lis
1056 4089 1139 4146 esse,
1158 4069 1314 4152 inquibus

149 4168 348 4232 conscendere
362 4167 510 4248 tripodem
526 4167 646 4250 l‘ytbiae
660 4167 705 4230 las
719 4168 768 4243 sit,
784 4170 864 4250 quod
878 4187 941 4233 non
957 4171 1087 4252 quotidie
1101 4173 1165 4236 lleri
1180 4173 1314 4256 potuisse

149 4277 276 4335 mactat.
301 4271 338 4334 Et
351 4269 564 4351 antiquissimis
579 4269 700 4352 quidem
714 4271 898 4354 temporibus
913 4273 1005 4337 semel
1016 4283 1133 4338 tantum
1144 4277 1314 4358 quotannis,

148 4373 196 4439 dle
210 4373 271 4440 tlt.
286 4374 398 4440 mensis
411 4371 499 4456 lipsii,
514 4371 566 4456 qui
579 4372 685 4438 nataba
695 4373 840 4457 Apollinis
853 4395 920 4440 aare
934 4375 1096 4462 dicebatur,
1111 4377 1248 4463 Pythiam
1263 4398 1315 4445 ra·
