3266 4958
784 453 938 552 2²...

268 646 356 710 facilc
377 644 540 726 negaverit:
556 661 739 725 quamquam
754 641 780 704 si
795 643 861 723 (puis
876 652 1053 706 tamennon
1068 642 1169 706 statim
1185 650 1342 725 propterea
1355 643 1440 708 dam-

269 750 401 812 nandam
416 768 481 812 esse
496 747 668 820 contendat,
684 746 825 828 illudque,
848 746 927 828 quod
944 745 1068 828 nosipsi
1083 745 1181 827 paullo
1196 747 1442 828 anteposuimus,

252 891 254 894 -
269 853 423 933 superflua
437 867 498 914 nou
513 867 632 932 semper
646 867 753 912 nocere
769 848 901 931 Euripidi
917 849 977 912 visa
999 867 1065 912 esse
1079 847 1164 911 nolris
1179 847 1310 924 obiiciat,
1333 848 1443 912 revinci

271 963 356 1016 certa
371 953 625 1016 demonstratione
641 971 702 1015 non
718 954 835 1035 poterit.
879 951 994 1016 llallem
1010 961 1110 1015 tamen
1125 953 1182 1014 hoc
1197 951 1263 1014 loco
1283 951 1354 1014 illud
1376 942 1445 1014 ἐκεῖ

272 1054 395 1118 abesse:
415 1065 442 1118 ct
462 1055 559 1137 potuit
573 1073 644 1117 sane
659 1062 711 1117 aut
727 1045 782 1116 cisi
795 1055 882 1119 scribi
898 1073 967 1118 curn
983 1053 1122 1118 Elmslcio
1137 1055 1185 1130 (ad
1201 1053 1276 1117 lled.
1291 1073 1319 1116 v.
1339 1054 1443 1140 1041),

274 1159 358 1242 quod
374 1178 427 1222 cur
441 1159 629 1221 llerrnannus
644 1157 737 1238 magis
756 1159 844 1222 etiarn
866 1177 955 1240 quarn
971 1150 1039 1221 ἐκεῖ
1052 1174 1303 1240 supervacaneum
1318 1175 1383 1218 esse
1398 1153 1444 1217 di·

276 1271 336 1334 eat,
352 1280 411 1325 non
427 1263 498 1326 satis
515 1261 659 1344 intelligo,
681 1281 773 1343 quum
790 1269 820 1325 et
835 1257 930 1342 δεῦρο
953 1251 1008 1324 oicc'
1029 1269 1060 1322 et
1082 1253 1117 1336 ἐς
1136 1253 1217 1323 co'de
1239 1250 1293 1324 cisi
1313 1279 1348 1324 ac
1361 1257 1444 1321 simi·

277 1364 316 1428 lia
332 1383 393 1428 non
408 1383 475 1428 raro
490 1366 546 1428 dici
561 1365 760 1440 meminerim,
775 1373 827 1429 aut
841 1365 930 1428 etiarn
946 1355 1007 1438 ἔτι,
1023 1363 1103 1446 quod
1118 1383 1135 1426 a
1150 1361 1289 1426 llarnesio
1303 1361 1445 1446 suppedi-

280 1475 377 1530 tatum
395 1467 544 1532 Nauclsius
565 1469 691 1550 recepit,
718 1477 769 1532 aut
790 1468 919 1550 denique
941 1457 1188 1550 ’Epcxllsideaec
1210 1461 1269 1530 καὶ
1292 1499 1337 1513 -
1365 1463 1443 1547 quod

275 1571 401 1635 llotlrian
415 1572 543 1655 scripsit,
560 1572 728 1636 llermanno
744 1571 809 1655 ipso
823 1571 900 1635 luaud
916 1571 1111 1654 improbante.
1145 1569 1219 1633 Nam
1235 1561 1302 1644 καί,
1323 1568 1444 1642 etiam,

275 1675 313 1738 ad
337 1683 512 1757 sequentem
533 1693 649 1738 uersum
674 1676 824 1758 pertinens
840 1693 900 1739 non
920 1673 1012 1756 magis
1034 1673 1181 1737 offendere
1201 1671 1334 1746 debebit,
1355 1689 1445 1753 quam

276 1777 476 1858 copulatioum
493 1771 552 1840 καί
565 1777 595 1841 in
611 1779 669 1841 dne
684 1797 787 1842 uersus
802 1777 944 1861 positum,
967 1777 1046 1840 velut
1060 1775 1138 1858 apud
1155 1773 1332 1858 Sophoclem
1348 1771 1444 1854 dntig.

276 1896 306 1940 r.
325 1879 403 1941 171:
814 1873 819 1884 '

503 1971 583 2043 καθ’
606 1973 728 2067 ἡμέραν
749 1971 871 2045 dione
893 1970 1210 2056 remanducat

505 2075 689 2166 πληγέντες.

278 2219 354 2284 0ed.
370 2219 405 2282 ll.
420 2238 448 2283 v.
468 2217 565 2282 llll:

484 2313 503 2384 ὁ
524 2315 586 2404 μὲν
607 2315 763 2399 τάχιστος
784 2315 849 2384 τῶν
869 2315 976 2405 λόγων
999 2312 1107 2386 εἰπεῖν
1126 2339 1164 2384 es
1185 2315 1242 2382 καὶ

482 2424 616 2506 μαθεῖν.

278 2561 408 2627 l‘lriloct.
422 2580 451 2624 r.
467 2561 548 2624 312:

482 2671 557 2756 ε”τος
578 2670 650 2742 τόδ’
673 2669 738 2766 ἤδη
761 2671 896 2745 δέκατον
918 2671 952 2744 ἐν
974 2671 1061 2765 lippo
1082 2699 1118 2743 re
1139 2676 1195 2744 καὶ

482 2801 643 2850 asserere.

278 2899 343 2964 Nec
357 2899 464 2964 diversi
484 2899 601 2982 generis
621 2905 681 2974 est,
703 2919 796 2983 quum
817 2899 1052 2982 praepositiones
1072 2899 1108 2962 ad
1129 2907 1305 2982 sequentem
1332 2917 1449 2962 versum

278 3005 464 3088 pertinentes
486 3005 515 3067 in
536 3007 594 3066 line
609 3003 801 3076 collocantur,
816 3004 852 3066 do
868 3023 928 3084 quo
944 3021 1049 3084 genere
1071 3003 1144 3065 dixit
1158 3002 1353 3074 Wieselcrus,
1370 3001 1451 3063 Cen-

279 3107 360 3170 iectt
375 3107 411 3169 ad
427 3107 531 3169 desolo.
547 3105 634 3169 llum.
650 3126 679 3188 p.
697 3105 1063 3180 quaemadmodum,
1079 3113 1113 3168 ut
1132 3101 1196 3182 ἵνα,
1220 3096 1274 3180 ὥς,
1299 3095 1395 3178 ὅπως
1417 3121 1451 3166 ac

279 3209 404 3284 similia,
425 3227 553 3291 quonam
573 3209 706 3291 exemplo
727 3227 789 3272 non
809 3228 873 3273 rara
892 3217 972 3272 sunt.
1016 3206 1112 3270 llinus
1135 3206 1229 3290 placet
1248 3205 1328 3289 quod
1350 3204 1450 3268 Fixios

280 3313 374 3398 prael.
391 3333 419 3396 p.
435 3313 483 3376 llll
501 3313 665 3396 proposuit,
680 3303 926 3394 'Hesp-‘isidorus
949 3301 1000 3396 δή,
1023 3316 1074 3374 aul
1085 3311 1164 3392 (quod
1177 3311 1344 3392 llartungus
1355 3309 1450 3390 scrip-

279 3417 332 3490 sit,
346 3406 572 3498 Ἐρεχθείδαις
594 3409 694 3496 νόμος
708 3407 858 3491 τοιοῦτός
873 3408 972 3492 ἐστιν,
995 3414 1075 3497 quod
1091 3413 1121 3476 in
1137 3413 1227 3477 istum
1243 3413 1366 3476 modum
1382 3429 1449 3476 eor·

280 3520 382 3603 rumpi
397 3519 530 3603 potuisse
545 3535 605 3581 non
622 3518 761 3582 credilrile
778 3524 832 3582 est.
844 3553 884 3565 -
900 3520 1038 3583 Ceterum
1054 3516 1226 3592 llercurlus,
1242 3516 1292 3599 qui
1308 3516 1448 3580 Creusam

280 3623 366 3708 pueri
392 3623 543 3687 interitum
570 3621 778 3704 praesagii-isse
809 3623 956 3694 crederet,
988 3621 1108 3686 monilia
1137 3621 1184 3685 illa
1215 3637 1277 3683 nou
1307 3627 1448 3701 tanquam

281 3725 493 3812 γνωρίσματα
507 3727 652 3808 quaedam
667 3725 765 3790 addita
780 3726 898 3790 eredere
913 3725 1019 3808 potuit,
1035 3735 1069 3789 ut
1079 3723 1150 3788 alias
1161 3724 1192 3786 iu
1204 3721 1387 3806 expositione
1402 3723 1449 3785 in·

258 3819 262 3826 ’
281 3828 397 3892 lantum
412 3829 474 3892 deri
488 3827 619 3906 solitum,
635 3829 687 3892 sed
702 3829 760 3893 hoc
779 3838 896 3894 tantum
916 3829 954 3893 nb
979 3847 1014 3893 ea
1039 3836 1206 3912 spectatum
1232 3845 1313 3902 esse,
1338 3843 1377 3888 ne
1402 3825 1449 3888 ille

281 3949 405 4015 prorsus
420 3951 525 4016 expers
543 3943 621 3996 esset
635 3931 783 3996 bonorum
799 3933 1005 4008 familiarium
1026 3931 1279 4014 quemadmodum
1294 3928 1372 4011 apud
1390 3927 1449 3990 Te·

281 4035 411 4100 rentium
427 4037 592 4100 Sostratam
607 4035 645 4100 dc
660 4055 693 4098 se
702 4036 795 4120 ipsam
808 4037 996 4118 profitentem
1010 4034 1156 4111 audimus,
1172 4033 1277 4099 lleaut
1288 4031 1337 4106 lv,
1353 4031 1376 4106 l,
1389 4029 1447 4094 tt:

569 4147 603 4204 ut
616 4139 724 4202 stultae
740 4149 770 4201 et
785 4137 909 4202 miserae
925 4154 1030 4202 omnes
1045 4155 1149 4200 sumus

384 4239 543 4322 religiosae,
559 4261 652 4326 quum
666 4239 876 4326 exponendum
891 4240 929 4304 do
944 4239 994 4316 illi,
1010 4239 1047 4304 de
1062 4239 1153 4322 digito
1168 4237 1311 4303 annulum
1407 4288 1413 4302 ,

385 4343 507 4406 detraho
522 4349 551 4406 et
564 4363 632 4416 eum
649 4345 715 4410 dico
729 4353 764 4408 ut
777 4361 836 4408 una
850 4363 919 4408 curn
935 4341 1032 4427 puella
1047 4350 1217 4426 exponeret,

387 4445 413 4508 si
426 4455 593 4511 moreretur
605 4465 644 4511 ne
657 4465 762 4531 expers
776 4452 856 4512 esset
869 4447 962 4531 partis
976 4447 1013 4512 de
1026 4445 1135 4514 noenu
1149 4445 1245 4511 bonis.
