3166 4962
679 441 683 448 ·
745 403 897 508 ..ee-

240 598 318 664 riure
343 595 456 680 pagina,
477 593 550 669 553,
577 592 629 668 26,
655 611 710 675 pro
731 586 761 659 si
783 589 821 658 de*
842 587 888 678 pp*
908 584 949 654 τὸ
967 589 1121 654 τοιοῦτον
1138 581 1183 672 μή
1206 577 1402 670 παρέπεται

240 700 427 764 serilemmm
444 697 558 761 videtur
572 687 607 760 εἴ
619 715 655 778 γε
668 690 732 782 μήν
746 731 802 760 -.

326 802 467 884 Sequitur
486 799 645 882 disputatio
666 801 703 863 de
718 790 802 862 ὕνεω
817 797 964 870 adverbio,
985 797 1015 860 in
1036 815 1093 878 qua
1113 814 1142 878 p.
1159 795 1232 868 555,
1248 793 1267 854 7
1283 790 1404 874 ΑροΙΙο·

241 905 324 970 nium
344 923 404 968 non
423 897 564 984 μῦντεος
581 911 612 964 et
631 893 747 987 ὄφεος,
767 899 1019 983 quemadmodum
1040 897 1154 960 editum
1175 905 1231 970 est,
1252 895 1304 958 sed
1323 885 1406 974 priv·

240 1028 332 1084 τεως,
348 997 458 1092 ὄφεως
472 1005 625 1088 scripsisse
640 1005 703 1086 ipse
719 1004 774 1068 leci
789 1011 945 1068 contextus
960 1001 1152 1065 manifestum
1167 997 1245 1062 iacit
1290 996 1406 1078 Quippe

241 1119 362 1194 propter
380 1109 500 1174 atticam
522 1103 714 1184 desisterem,
734 1108 764 1172 b.
780 1128 807 1171 e.
829 1113 952 1188 propter
974 1102 1213 1167 terminationem
1234 1102 1271 1174 τ’,
1290 1118 1344 1182 pru
1359 1098 1407 1173 ἴς,

242 1214 329 1277 etiam
346 1218 358 1280 i
375 1213 553 1297 penultimae
568 1211 694 1296 syllabae
710 1211 739 1274 iu
755 1217 767 1280 ἱ
783 1210 889 1274 abiisse
903 1209 953 1273 eit.
967 1241 1012 1254 -
1026 1208 1060 1271 Ρ.
1076 1207 1148 1283 555,
1165 1205 1205 1267 21
1220 1203 1347 1267 dubitavi
1361 1201 1408 1264 vix

242 1325 340 1398 potest
355 1316 426 1398 quin
441 1326 520 1380 recle
537 1315 687 1378 llclvlrerus
701 1315 890 1379 scribendum
907 1312 1056 1378 censuerit
1075 1301 1106 1374 εἰ
1127 1305 1245 1392 dedev‘p
1262 1299 1281 1390 ἡ
1298 1299 1407 1391 γραφή

242 1415 302 1483 uvir
321 1421 370 1506 τῷ
393 1420 411 1486 ἲν
434 1425 501 1501 (pro
516 1413 576 1482 cdv
588 1419 639 1504 cpi
653 1421 693 1494 τ’),
717 1414 836 1502 debeip
857 1405 898 1480 ὕν
916 1411 975 1480 ναὶ
991 1405 1095 1496 ὕνομα
1111 1399 1251 1480 εἶναιτὸ
1272 1399 1407 1482 ὕνεως.

243 1521 361 1584 Scilicet
376 1521 405 1584 in
421 1521 542 1584 llomeri
557 1519 634 1595 ioco,
650 1539 738 1602 quem
755 1521 865 1594 citavit,
880 1520 935 1582 ol.
952 1517 1056 1592 xxlll
1070 1517 1121 1592 116,
1142 1505 1161 1600 ἡ
1187 1506 1221 1576 d'
1244 1503 1329 1575 ὕνεω
1348 1505 1409 1594 δῆν

242 1611 335 1709 ἧστο,
356 1623 477 1688 luerunt
496 1624 547 1706 qui
569 1613 672 1700 ὕνεως
697 1623 785 1687 scribi
805 1623 922 1700 vellent,
942 1639 1018 1704 quae
1038 1619 1184 1700 scriptura
1197 1615 1224 1678 si
1238 1614 1411 1678 admittetur

243 1727 365 1791 concedi
380 1746 467 1808 posse
482 1727 523 1790 ait
537 1727 595 1790 hoe
609 1715 713 1802 ὕνεως
728 1725 1030 1798 οοτοεο,ει11εε11νιιοι
1045 1741 1125 1797 τετε,
1142 1719 1189 1783 siu
1203 1717 1348 1799 scriptura
1363 1715 1410 1778 illa

244 1831 322 1913 apud
338 1829 498 1894 llemerum
515 1831 626 1894 nullam
641 1830 847 1894 auctoritatem
862 1827 978 1900 hebeat,
998 1825 1051 1890 sed
1065 1829 1183 1886 constet
1198 1837 1301 1883 vacem
1316 1817 1410 1884 since

245 1933 429 1996 scribendam
444 1952 510 1996 esse
531 1923 575 2008 (ei
597 1927 636 1996 de*
657 1928 803 2018 μηδεμία
824 1921 1005 2007 ἀπόδειξίς
1026 1921 1098 1992 ἐστι
1119 1925 1177 2011 τῆς
1198 1924 1257 1987 τοῦ
1272 1927 1291 1990 ὀ
1306 1936 1411 2004 προσ-

246 2030 400 2114 θέσεως),
423 2035 549 2099 dubitari
570 2053 631 2099 uon
651 2053 753 2118 posse,
773 2036 846 2118 quin
865 2025 951 2097 ὕνεω
972 2031 1021 2094 111ο
1043 2031 1108 2093 loce
1127 2047 1183 2110 pro
1204 2023 1342 2091 adverbio
1356 2023 1411 2085 ba·

247 2137 377 2200 bendum
397 2137 446 2200 sit.
490 2138 627 2206 Ceterum
649 2149 750 2202 utrum
772 2127 856 2200 ὕνεω
872 2135 1043 2218 Apollonius
1062 2149 1100 2195 an
1117 2120 1202 2214 ὕνεῳ
1218 2149 1286 2192 cum
1308 2125 1321 2195 i
1339 2127 1411 2190 sub·
1491 2174 1492 2177 ,

247 2239 356 2321 scripte
376 2239 551 2321 probaverit,
574 2259 610 2303 ex
630 2241 686 2304 bac
710 2259 785 2322 quae
803 2247 899 2302 exstat
918 2235 1118 2320 disputatione
1137 2252 1199 2297 nou
1217 2233 1289 2296 satis
1303 2231 1412 2312 liquetz

247 2341 305 2405 boc
324 2351 440 2406 tantum
461 2349 591 2419 cunstat,
614 2345 700 2425 vulgo
726 2351 874 2424 receptam
902 2341 1079 2422 scripturam
1105 2357 1174 2403 cum
1194 2339 1205 2405 ἱ
1222 2337 1315 2400 iuissc
1342 2335 1412 2414 (vid.

248 2463 278 2526 p.
294 2445 367 2520 551,
383 2445 434 2508 27.
459 2445 511 2510 28.
531 2447 671 2521 577,12.
692 2445 765 2518 618,
781 2447 847 2522 25),
871 2444 924 2510 sed
944 2444 1078 2534 alteram,
1103 2442 1167 2504 sine
1186 2447 1210 2516 ῐ,
1236 2457 1298 2504 nen
1312 2437 1414 2522 paucis

251 2545 394 2609 veriorem
417 2546 520 2612 visam.
551 2549 594 2612 Ci.
611 2549 746 2612 Euslatb.
765 2548 802 2612 ad
818 2549 850 2612 11.
866 2548 917 2622 111,
933 2546 973 2611 81
989 2551 1020 2611 et
1033 2545 1080 2609 all.
1123 2547 1205 2622 Quae
1220 2552 1320 2607 autem
1335 2540 1414 2624 apud

248 2649 436 2732 Apollonium
451 2669 480 2733 p.
493 2649 566 2727 556,
582 2651 596 2713 1
610 2651 766 2732 leguntur:
788 2642 885 2735 εἴπερ
906 2639 1040 2714 edvardi
1059 2645 1099 2712 τὸ
1120 2638 1220 2734 ὕνεῳ
1242 2641 1280 2713 ἐν
1301 2645 1416 2710 κοινοῦ

250 2749 382 2836 γεγονὸς
408 2755 468 2818 τοῦ
495 2743 617 2831 ὕναος
643 2743 666 2841 ἢ
691 2745 807 2832 ὕνεος
838 2747 1045 2828 ἐπεθετενῶς
1071 2743 1417 2835 παραλαμβανόμενον

250 2848 455 2941 παράκειται
477 2848 645 2943 ἐπίρρημα
666 2878 717 2934 τε,
744 2853 850 2945 σαφὲς
871 2851 927 2922 ὅτι
948 2847 1009 2922 οὖν
1035 2849 1082 2933 εἷς
1108 2858 1136 2924 ὂ
1162 2849 1415 2940 περατούμενον,

252 2949 299 3034 εἷς
321 2953 359 3022 δὲ
380 2959 430 3034 ἶς’,
453 2960 527 3024 hacc
547 2979 637 3024 nemo
656 2978 717 3024 uon
739 2961 818 3024 videl
836 2969 975 3041 corrupta
994 2981 1069 3024 esse.
1115 2961 1151 3024 Et
1166 2969 1279 3042 partem
1295 2960 1416 3043 quidem

252 3061 435 3142 corruptelae
456 3061 621 3126 Sbraecaba
649 3063 777 3126 correxit
803 3061 959 3125 scribendo
980 3054 1077 3144 εἴπερ
1097 3051 1154 3124 οὖν
1173 3059 1219 3146 τῷ
1240 3051 1363 3137 ὕνεως
1381 3056 1417 3126 ἐκ

251 3162 366 3226 κοινοῦ
393 3157 544 3246 γεγονότε
655 3156 864 3239 intrincesis
895 3156 1227 3248 παραλαμβανομένῳ
1257 3183 1333 3240 ...3
1365 3163 1417 3227 sed

252 3263 342 3327 etiam
357 3265 497 3348 spodosis
512 3266 685 3348 corrigenda
699 3271 762 3328 erat
781 3265 811 3330 in
827 3267 907 3331 bunc
920 3267 1060 3330 medum:
1085 3261 1192 3350 σαφὲς
1214 3257 1269 3329 ὅτι
1290 3256 1349 3328 οὕν
1370 3257 1420 3342 εἷς

252 3367 290 3442 ῖς
316 3360 575 3449 περατούμενον,
601 3359 651 3445 εἷς
677 3363 715 3430 dvi
741 3371 778 3436 'ii-
822 3369 896 3432 Nam
922 3369 1093 3434 adverbium
1119 3359 1222 3445 ὕνεως
1246 3368 1419 3452 Apollonius

252 3486 313 3534 non
328 3470 468 3552 agnoseit,
483 3470 536 3534 sed
551 3477 668 3534 lantum
684 3470 714 3534 in
730 3473 767 3548 ῑ,
789 3471 849 3535 sive
864 3471 976 3555 absque
991 3479 1016 3547 ἱ,
1031 3482 1066 3536 ut
1080 3462 1241 3552 ἀνωτέρω,
1257 3463 1420 3555 ἐσωτέρω,

252 3571 313 3637 sive
332 3591 401 3638 cum
416 3573 448 3648 ἶ,
469 3583 504 3638 ut
520 3567 617 3660 τόνῳ,
638 3566 756 3658 κύκλῳ,
777 3593 853 3658 quae
874 3574 930 3657 ipsi
944 3575 1081 3639 adverbia
1095 3595 1160 3640 esse
1175 3573 1319 3638 videntur.

337 3676 371 3740 Ρ.
387 3677 460 3752 556,
479 3677 517 3740 15
538 3695 593 3760 prc
613 3673 669 3743 ναὶ
687 3673 729 3741 rd
751 3671 876 3741 τούτων
896 3672 1083 3762 παραγωγαὶ
1100 3679 1289 3743 scribendum
1304 3683 1350 3739 est
1363 3668 1422 3738 καὶ
1542 3751 1547 3760 ·

254 3771 380 3844 τοίπων
397 3774 440 3842 τοὶ
460 3773 662 3865 παραμωγῦτ
685 3799 745 3845 uon
765 3781 846 3846 enim
866 3783 903 3846 de
920 3782 1066 3846 adverbiis
1087 3802 1123 3846 ex
1143 3781 1286 3846 adverbiis
1301 3777 1422 3844 deberis

254 3881 397 3968 loquitur,
411 3883 464 3948 sed
479 3883 516 3948 de
532 3885 615 3949 omui
629 3885 835 3951 adverbiorum
850 3885 1050 3951 derivatorum
1064 3903 1181 3970 genere.

340 3985 375 4050 Ρ.
391 3987 465 4063 557,
489 3985 528 4052 12
548 4005 603 4071 pre
624 3987 696 4066 τοῖς
716 3983 842 4076 §praeca
861 3991 1068 4075 reponendum
1093 4009 1161 4054 esse
1185 3987 1257 4065 veie
1275 3979 1424 4072 σχήματι

257 4087 316 4153 iam
332 4089 498 4155 slrzeczla
513 4093 646 4172 mcuuil3
668 4093 721 4158 sed
737 4093 826 4159 etiam
842 4095 873 4159 in
890 4114 977 4160 versu
991 4095 1128 4180 proximo
1143 4111 1198 4178 pre
1222 4085 1282 4156 arci
1301 4086 1364 4174 γὰρ
1383 4083 1423 4153 τὸ

258 4193 298 4268 τῖς
316 4191 633 4260 seribendumvidetur
646 4189 705 4260 καὶ
726 4193 788 4280 peip
809 4199 858 4286 τῷ
879 4191 940 4275 εἷς
958 4194 998 4265 τὸ
1019 4233 1062 4247 -
1081 4229 1135 4277 -,
1157 4204 1188 4262 ct
1201 4215 1230 4260 r.
1251 4196 1298 4273 15,
1312 4187 1372 4257 καὶ
1385 4187 1425 4256 τὸ
1544 4233 1546 4238 -

258 4286 299 4374 ie
311 4316 367 4382 pro
381 4293 437 4362 sui
450 4291 490 4362 sd
507 4288 556 4376 εἷς
569 4303 599 4379 ἶ,
612 4337 665 4365 -.
695 4301 763 4366 llex
777 4321 804 4366 v.
820 4301 873 4382 20,
886 4303 912 4367 si
927 4303 994 4388 quis
1008 4301 1165 4369 contulerit
1178 4321 1206 4366 r.
1221 4299 1273 4376 26,
1288 4299 1425 4364 bcunam

258 4421 324 4466 esse
345 4401 503 4486 intelliget,
530 4403 574 4470 sic
597 4405 724 4471 luctasse
744 4405 935 4492 explendam:
963 4401 1004 4473 τὸ
1024 4399 1244 4486 πλεονάζονῖ
1260 4394 1426 4492 pissimus
