3182 4962
693 481 845 588 ..³.⁴..⁰..

187 675 223 740 alo
239 675 294 740 ltac
307 673 514 758 anticipatione
528 681 576 736 eat
591 672 788 759 intelligentia,
801 693 877 760 quae
889 681 958 756 pest
969 671 1091 748 aceedit,
1107 671 1168 742 ubi,
1185 670 1264 756 quod
1277 669 1355 734 anti·

187 779 314 860 cipetum
336 784 414 850 orat,
437 777 464 839 itl
485 776 572 839 etiam
595 779 709 844 ratione
732 787 783 844 aut
797 775 997 844 demonstrari
1012 783 1063 839 aut
1079 775 1196 858 probari
1212 773 1354 838 videmus.

188 881 353 964 llsnrpatur
368 881 425 944 laec
440 879 645 964 intelligentiae
660 881 836 946 vocabulum
853 901 870 946 a
884 879 994 943 t'etteio
1010 897 1034 940 c.
1057 878 1102 953 tn,
1119 879 1171 952 att,
1194 877 1260 941 leco
1285 895 1356 940 sane

188 997 309 1068 propter
323 983 444 1048 nimiam
468 983 639 1048 terrenitatem
663 1002 724 1048 non
746 985 818 1050 satia
839 983 927 1068 plano
949 981 1144 1066 insuperque,
1167 989 1201 1044 ut
1220 980 1356 1056 arbitror,

187 1090 273 1154 etiam
289 1089 390 1154 leviter
404 1101 554 1172 corrupte.
582 1088 708 1154 Velleius
722 1089 814 1164 enim,
830 1097 1023 1172 posteaquam
1039 1086 1075 1149 de
1091 1085 1268 1170 imaginibus
1283 1083 1357 1148 «lixit

187 1195 216 1260 in
239 1194 371 1258 animum
395 1193 603 1270 influentibus,
626 1193 705 1258 unde
728 1195 809 1258 notio
831 1195 955 1258 deornm
979 1201 1044 1256 orta
1065 1189 1120 1266 sit,
1148 1189 1228 1254 aololit
1251 1189 1357 1254 deinele

188 1317 292 1372 „cum
326 1297 496 1362 maximis
530 1297 782 1382 voluptatibus
814 1297 850 1361 in
883 1315 943 1360 eas
980 1295 1161 1377 imagines
1199 1304 1357 1358 mentem

186 1403 365 1466 intentam
404 1400 642 1484 infixamque
681 1413 846 1466 nostram
885 1397 1179 1482 intelligentiam
1213 1417 1357 1482 capere,

187 1523 278 1587 quae
300 1505 350 1568 ait
371 1513 407 1567 et
436 1504 540 1568 beata
564 1513 695 1569 natura
717 1515 752 1568 et
774 1503 954 1568 aeterna.”
988 1505 1036 1566 Sic
1052 1512 1152 1565 autem
1168 1503 1226 1566 niet
1242 1503 1287 1565 tia
1303 1522 1358 1584 po·

187 1609 242 1672 tuit
258 1607 432 1679 eisteten,
455 1607 506 1688 qui
522 1625 596 1688 «puae
611 1617 716 1672 notura
733 1609 815 1671 lteata
830 1617 861 1670 et
881 1617 1000 1670 aeterna
1021 1615 1118 1678 esset.
1139 1624 1174 1668 ea
1198 1607 1359 1688 imaginum

189 1711 297 1774 visione
319 1709 437 1792 ieottigt
462 1709 558 1786 vellet,
574 1711 654 1794 qnod
670 1713 695 1774 sl
710 1711 750 1774 ila
765 1715 819 1785 eal,
836 1719 1036 1793 consequetur
1049 1710 1140 1773 ctiam
1157 1709 1249 1792 ipsine
1264 1709 1360 1772 beati-

189 1814 298 1878 tutlinia
320 1821 350 1876 et
371 1812 552 1876 aeternitatis
573 1813 728 1876 notionem
750 1833 786 1877 ea
810 1813 864 1877 hac
886 1813 996 1877 visione
1015 1822 1114 1876 natam
1136 1811 1202 1876 otei.
1224 1812 1359 1892 quando·

188 1917 306 2000 quidem
322 1917 377 1980 hac
391 1916 548 1998 qualitates
563 1916 627 1978 aine
643 1917 756 1980 naturis
772 1915 864 1980 beatis
880 1925 909 1979 et
920 1917 1047 1980 aeternis
1060 1917 1155 1978 nullae
1167 1925 1247 1978 aunt.
1271 1913 1361 1996 Atqui
1420 1987 1422 1992 Ι

187 2021 342 2104 prolitetur
367 2019 430 2102 ipse
451 2019 596 2102 Epicurus
617 2019 694 2102 apud
715 2019 874 2100 Diogenem
901 2019 932 2082 t.
951 2019 985 2092 x,
1013 2017 1070 2080 139
1090 2019 1163 2080 denos
1184 2037 1248 2080 esse
1273 2009 1361 2099 λόγῳ

189 2117 389 2208 &correptorie
411 2124 441 2186 h.
463 2143 488 2184 e.
510 2123 612 2205 quales
633 2122 693 2184 sint
707 2139 769 2184 non
784 2139 875 2186 sensu
890 2121 1028 2204 cognosci
1042 2121 1093 2184 ont
1111 2121 1231 2202 intelligi
1247 2119 1361 2182 ratione

189 2233 304 2290 tantum
320 2237 351 2288 ct
367 2227 474 2289 mentis
490 2225 654 2288 intentione
669 2245 767 2308 posse.
790 2225 954 2306 lntaginum
968 2236 1067 2289 autent
1081 2225 1247 2288 ‹livinarum
1259 2224 1361 2287 incur·

188 2331 231 2393 aiu
247 2329 310 2413 ipsa
325 2347 379 2412 pet·
394 2351 427 2394 se
441 2330 502 2392 aula
518 2329 590 2393 nihil
606 2329 660 2392 nisi
678 2320 842 2413 uiolenta
856 2329 1006 2412 quantiam
1022 2329 1139 2391 etneere
1160 2335 1274 2410 potest,
1300 2343 1360 2388 non

188 2431 265 2496 illam
281 2432 400 2515 quidem
417 2431 578 2514 σαρκίνψ,
594 2431 689 2515 qualia
704 2437 749 2494 ost
763 2450 838 2513 quae
851 2435 937 2515 vulgo
948 2431 1065 2505 dicitnr,
1080 2431 1214 2513 coepturis
1225 2429 1361 2494 sensibus
1434 2437 1436 2442 ’

187 2537 330 2600 lacessitis
343 2539 502 2612 ellecta¹²l
517 2546 607 2618 atqne
622 2537 692 2598 hinc
706 2535 741 2598 ad
761 2537 895 2599 animum
911 2536 1005 2599 ‹lelata
1020 2545 1050 2598 et
1065 2534 1251 2619 φαντασίαν
1266 2527 1359 2615 ἐναρ-

188 2643 227 2727 ya]
252 2658 427 2724 procreans,
457 2640 509 2704 scol
535 2635 677 2724 ungreio·
705 2649 839 2716 tantum,
870 2639 1111 2723 qnandoquidem
1134 2639 1198 2702 illae
1221 2637 1362 2719 imagines

189 2743 323 2826 corporis
344 2762 465 2807 mensum
489 2743 606 2826 lugiunt
628 2743 787 2827 ipsumque
810 2743 907 2806 solum
931 2745 1065 2808 animum
1087 2780 1119 2787 -·
1142 2742 1193 2824 qui
1214 2742 1281 2806 lieet
1301 2758 1361 2804 non

188 2847 381 2930 incorporeus
395 2847 444 2922 ait,
459 2847 652 2930 distinguitur
667 2860 766 2912 tamen
781 2868 798 2910 a
813 2865 937 2931 corpore
954 2848 1072 2932 proprie
1087 2847 1168 2911 dieto
1179 2879 1223 2892 -
1238 2853 1363 2926 tangunt

188 2952 390 3034 eiaionomqne
406 2951 548 3015 ellleiunt.
587 2951 704 3016 visione
726 2963 826 3016 autern
842 2952 914 3016 nihil
929 2953 1008 3016 aliutl
1026 2951 1081 3015 nisi
1102 2970 1184 3014 esse
1207 2951 1316 3032 aliquid
1332 2959 1364 3012 et

189 3075 247 3140 qna
263 3056 353 3137 ugera
368 3067 398 3120 et
413 3055 510 3140 specie
526 3053 581 3131 ait,
601 3055 739 3137 cognosci
763 3065 876 3139 potest,
900 3055 1015 3120 interna
1037 3066 1138 3120 autem
1162 3063 1189 3117 et
1210 3053 1362 3118 recondita

190 3159 263 3230 eius.
279 3159 359 3243 qttanl
376 3159 511 3234 vidimus,
533 3169 638 3224 natura
653 3159 824 3244 etqualitate
839 3169 872 3224 ut
887 3171 1092 3242 cognoscatur.
1108 3159 1220 3223 ratione
1236 3167 1264 3221 et
1281 3157 1362 3242 cogi·

190 3263 301 3328 latim
315 3283 391 3346 opus
406 3273 462 3328 eal.
497 3263 547 3328 Sic
560 3264 649 3348 igitur
663 3264 700 3327 de
716 3264 761 3328 elia
777 3266 834 3328 ltoc
848 3265 968 3348 quidem
985 3265 1057 3328 visio
1072 3263 1188 3328 allicere
1204 3268 1313 3347 potest,
1330 3269 1364 3325 ut

191 3389 274 3434 esse
296 3388 349 3431 eoa
369 3377 399 3430 et
420 3369 566 3434 humanae
581 3369 694 3432 lorntae
711 3368 822 3433 similes
843 3391 910 3434 esse
929 3369 1142 3456 percipiamus,
1165 3367 1243 3450 quali
1262 3379 1362 3430 autent

190 3483 295 3538 natura
310 3471 379 3548 sint,
402 3473 580 3538 rnorutlesnc
595 3491 632 3537 an
647 3474 770 3550 aeterni,
787 3473 865 3540 beati
880 3492 918 3539 an
933 3473 1084 3538 aerumnis
1099 3491 1219 3558 quoque
1233 3483 1264 3538 et
1278 3471 1363 3538 labo-

190 3578 271 3645 ribua
286 3577 416 3654 olmorii,
430 3577 572 3662 suspicari
587 3579 707 3663 quidem
723 3577 850 3645 lortasse
863 3597 1035 3665 possumus,
1050 3579 1139 3664 idque
1151 3579 1237 3664 vulgo
1251 3578 1364 3644 iactum

191 3705 256 3750 esse
270 3683 437 3750 cummunis
453 3681 489 3748 dc
506 3683 684 3748 lentitudine
700 3693 730 3749 et
746 3685 919 3750 aeternitate
934 3687 1058 3750 deornm
1075 3685 1176 3770 opinio
1197 3684 1292 3760 docet,
1316 3683 1363 3748 in·

192 3787 321 3872 telligcre
335 3798 435 3852 antem
451 3787 508 3852 ulai
523 3797 623 3854 metite
638 3791 803 3855 uenatione
818 3807 880 3856 unu
896 3809 1065 3874 possumus.
1103 3794 1200 3876 Atque
1221 3792 1279 3856 hoc
1293 3789 1365 3854 ittet

192 3913 257 3958 ease
271 3893 350 3976 quod
366 3893 492 3958 Velleius
507 3893 672 3978 significare
687 3894 823 3970 voluerit,
845 3894 908 3981 ipsa
924 3896 996 3960 haec
1012 3895 1100 3959 verba
1123 3915 1225 3960 mens
1246 3903 1286 3959 ct
1307 3895 1365 3958 in·

192 3997 420 4082 telligentia.
442 3999 550 4082 quibua
571 3999 681 4076 utitur,
708 3999 902 4066 manifestere
923 4000 1019 4065 lacere
1039 4009 1176 4086 possum.
1214 4000 1276 4065 lam
1296 4015 1367 4062 acro

192 4099 251 4170 hec
264 4121 384 4188 quoque
398 4101 589 4169 macilentum
606 4123 671 4169 esre
684 4105 827 4181 arbitror,
850 4105 929 4172 illam
954 4116 1054 4172 mente
1074 4115 1190 4192 partam
1205 4106 1242 4170 de
1257 4105 1302 4170 dis
1316 4103 1367 4169 in-

193 4207 381 4294 telligentiam
402 4225 464 4300 non
481 4227 519 4273 eo
540 4218 691 4284 censura,
714 4221 749 4276 ut
771 4228 985 4294 cognoscamus
1006 4231 1082 4295 quae
1104 4217 1210 4276 natura
1231 4207 1317 4274 beata
1337 4217 1368 4273 et

245 4403 307 4492 'tat
325 4431 395 4486 llaaa
415 4434 552 4504 neptim
568 4433 711 4504 uptam
731 4435 831 4490 turm
849 4444 959 4506 apparat
978 4453 994 4491 a
1010 4437 1152 4492 Philolai
1166 4433 1201 4492 ln
1218 4450 1250 4490 a.
1268 4430 1369 4502 cioca„

68 4571 75 4578 .
197 4515 449 4590 uenum-ente
465 4519 522 4575 ttt.
