3266 4958
375 1343 661 1443 schunllslll
696 1345 755 1438 llll
786 1343 1056 1440 TllEOGNIllE.

221 1601 254 1664 ln
269 1601 423 1685 prooemio
435 1599 609 1682 theogoniae
622 1597 779 1674 Hesiodus,
793 1597 854 1662 sire
866 1599 931 1680 quis
942 1599 1016 1664 alius
1027 1597 1083 1662 luit
1097 1597 1186 1663 huius
1197 1617 1304 1682 prooe-

136 1705 187 1768 mii
202 1706 395 1788 compositor,
410 1707 508 1770 llusas
523 1705 602 1787 ipsas
617 1704 791 1785 prolitentes
805 1703 934 1777 inducit,
955 1703 1062 1766 multos
1082 1722 1099 1766 a
1120 1723 1152 1767 se
1174 1723 1223 1767 res
1242 1720 1304 1766 non

135 1827 228 1882 veras,
244 1809 296 1872 sed
311 1811 393 1874 fictas
407 1819 438 1873 et
452 1806 675 1872 commenticias
691 1805 781 1868 tradi:
797 1824 887 1887 quam
907 1805 1123 1888 professionem
1138 1806 1206 1869 lieet
1219 1817 1307 1890 poeta

136 1910 201 1973 sine
214 1911 304 1974 dubio
318 1913 356 1975 ad
371 1911 521 1974 fabulosas
536 1909 727 1992 potissimum
741 1908 777 1971 de
789 1909 834 1972 dis
846 1909 995 1992 rebusque
1005 1910 1109 1972 diuinis
1121 1910 1306 1973 narrationes

136 2013 283 2096 pertinere
298 2014 433 2090 uoluerit,
449 2013 551 2096 quales
566 2013 596 2074 in
611 2011 768 2092 theogonia
782 2021 867 2086 sunt,
889 2030 944 2076 nos
965 2023 1065 2076 tomen
1080 2031 1141 2076 non
1156 2011 1306 2075 immerito

136 2115 225 2179 etiam
241 2115 328 2180 latius
342 2117 493 2199 aliquanto
509 2125 609 2198 patere
624 2113 767 2178 dicemus.
796 2114 886 2186 Nam,
902 2115 928 2177 si
949 2115 986 2178 ab
1008 2115 1074 2178 unis
1095 2116 1221 2180 tortasse
1242 2134 1308 2178 ms·

137 2219 303 2282 thematicis
323 2220 494 2284 discesseris
517 2217 657 2281 scientiae
682 2235 754 2279 suae
781 2217 959 2278 certitudine
983 2217 1193 2298 gloriantibus,
1218 2215 1309 2280 ceteri

137 2323 257 2405 quidem
273 2341 387 2398 omnes,
402 2323 453 2406 qui
468 2323 499 2385 in
514 2320 665 2384 linearum
688 2319 801 2382 artibus
823 2337 992 2394 versamur,
1010 2319 1142 2384 ueritatis
1162 2319 1308 2401 cognitio·

138 2443 207 2489 nem
222 2425 315 2488 nimio
335 2427 452 2509 saepius
471 2424 573 2488 multis
593 2421 766 2505 magnisque
786 2421 1008 2486 difficultatibus
1030 2423 1116 2486 nobis
1136 2423 1307 2504 obsaeptam

137 2549 202 2594 esse
217 2531 362 2604 videmus,
377 2531 438 2594 sire
452 2530 517 2612 ipsa
531 2545 633 2593 rerum
648 2535 754 2590 natura
769 2536 889 2608 captum
904 2526 1069 2590 humanum
1083 2526 1230 2608 rugiente,
1244 2525 1307 2589 sire

138 2634 341 2699 deficientibus
356 2635 443 2698 certis
458 2633 537 2698 notis
552 2643 641 2716 atque
656 2631 770 2695 indiciis
785 2633 822 2694 ad
837 2631 1043 2695 inveniendam
1055 2628 1308 2712 cognoscendam·

138 2757 196 2821 que
211 2738 363 2802 veritatem
384 2737 565 2802 necessariis
594 2738 691 2818 htque
711 2735 770 2800 hoc
790 2735 910 2818 quidem
933 2735 968 2799 iis
991 2735 1180 2818 potissimum
1203 2752 1308 2816 saepe·

138 2860 264 2907 numero
280 2843 465 2926 querendum
480 2849 534 2916 est,
550 2839 601 2923 qui
615 2837 754 2902 historiae
768 2857 889 2922 operam
905 2838 991 2912 dant,
1011 2838 1043 2901 in
1063 2857 1123 2921 quo
1145 2837 1260 2911 studio,
1274 2847 1309 2900 ut

138 2948 264 3031 quisque
278 2956 326 3011 est
340 2947 470 3011 scribtis
485 2942 702 3028 cupidissimus,
717 2943 757 3006 ita
771 2943 932 3024 aegerrime
950 2943 1014 3006 eius
1034 2941 1225 3006 inveniendae
1243 2958 1310 3006 cer·

139 3059 200 3115 tam
216 3049 292 3114 viana
307 3050 362 3114 sibi
377 3049 568 3114 interclusam
583 3065 648 3110 esse
660 3045 727 3120 lert,
743 3046 822 3109 unde
842 3046 906 3110 beri
919 3047 1011 3121 solet,
1032 3055 1067 3110 ut
1087 3045 1232 3127 ingeniosi
1253 3044 1311 3107 ho·

61 3148 65 3156 ’
140 3155 247 3230 mines,
262 3173 353 3238 quam
367 3151 485 3234 assequi
499 3151 594 3234 ipsam
615 3157 780 3230 nequeant,
799 3149 864 3212 eius
884 3149 1013 3232 speciem
1034 3149 1140 3212 saltem
1161 3147 1310 3231 quandam

139 3257 218 3320 haud
233 3255 458 3338 improbabilem
473 3260 690 3319 consectentur.
721 3251 874 3333 sicigitur
889 3252 919 3315 in
934 3253 1017 3316 omni
1029 3251 1150 3315 historia
1163 3251 1312 3333 permulta

70 3401 75 3410 ·
140 3359 297 3442 opinabilia
311 3367 343 3422 et
356 3355 563 3422 commenticia
578 3353 656 3419 veris
666 3362 698 3418 et
707 3355 868 3437 compertis
879 3355 1010 3420 admixta
1021 3365 1103 3430 sunt,
1118 3373 1215 3437 neque
1231 3355 1312 3418 iusto

139 3461 271 3526 seuerius
286 3480 338 3524 eos
353 3460 497 3524 iudicasse
511 3457 688 3532 dixerimus,
708 3457 759 3539 qui
779 3477 841 3522 non
861 3459 1017 3523 minimam
1037 3459 1103 3524 eius
1123 3469 1237 3542 partem
1257 3457 1313 3540 lig·

140 3565 249 3630 mentis
269 3573 406 3629 constare
423 3559 669 3646 pronuntiarunt,
695 3559 726 3624 in
746 3561 854 3641 quibus
873 3564 1061 3644 acquiescere
1080 3562 1219 3627 homines
1238 3577 1313 3626 con-

142 3669 289 3733 senseriut
312 3665 402 3730 serbo
429 3664 507 3748 apud
529 3663 619 3728 italos
642 3663 832 3748 frequentato
857 3683 891 3728 se
915 3665 1118 3730 consolantes:
1144 3683 1183 3728 se
1203 3663 1313 3727 noni

142 3789 245 3846 tero,
261 3774 278 3834 b
292 3769 360 3834 ben
374 3775 534 3835 trovato.

226 3873 321 3938 lludsu
335 3873 417 3938 verbi
430 3889 486 3936 nos
500 3889 594 3954 quum
608 3869 680 3934 alias
693 3888 919 3955 saepenumero,
934 3879 1000 3934 turn
1015 3867 1062 3933 his
1081 3866 1226 3953 proximis
1245 3867 1313 3932 dre·

141 3977 198 4040 bus
212 3975 358 4040 admoniti
371 3993 491 4050 sumus,
506 3991 599 4056 quum
617 3974 654 4039 sd
668 3973 838 4056 relegendas
852 3972 1032 4056 Theognidis
1047 3971 1186 4052 reliquias
1201 3971 1313 4035 ιιι-ιιι-

141 4098 200 4164 quo
214 4078 251 4142 do
266 4077 302 4142 iis
316 4079 448 4142 virorum
463 4077 621 4141 doctonrm
636 4077 798 4140 sententias
819 4075 1072 4158 recognoscendas
1091 4091 1312 4139 rerumremur.

143 4183 219 4248 Nam
233 4181 306 4245 nhil
321 4180 351 4245 in
365 4181 401 4246 iis
415 4180 487 4244 sabe
501 4183 615 4245 eertum
630 4199 695 4244 esse
710 4179 922 4256 intelleximus,
937 4179 996 4244 nisi
1015 4180 1074 4244 hoc
1095 4197 1210 4254 unum,
1232 4176 1314 4260 quod

143 4285 325 4364 wolckerus,
339 4284 383 4350 vir
396 4284 433 4349 de
448 4283 668 4370 interpretando
682 4283 853 4368 theognide
867 4301 946 4349 unus
962 4283 1099 4349 omnium
1118 4284 1206 4366 longe
1220 4281 1314 4346 meri-

144 4389 287 4468 tissimus,
306 4389 470 4475 prndenter
488 4387 622 4466 monuit,
638 4406 775 4472 magnam
794 4395 911 4480 partem
926 4389 1044 4454 illarum
1063 4387 1259 4473 reliquiarum
1276 4383 1316 4450 sd
