3266 4958
274 601 362 666 tecto
381 619 449 666 eum
471 601 521 667 illo
540 619 703 666 mmmnne
722 601 794 679 init,
815 611 849 668 ut
868 603 905 668 de
926 602 1003 686 regis
1017 618 1142 667 munere
1156 611 1246 688 atque
1261 605 1357 670 oibcio
1372 613 1451 670 recte

274 705 405 770 sentiret
419 705 507 788 idque
522 723 584 769 nou
599 705 735 770 studeret
748 707 846 771 solum
859 707 992 790 implere,
1007 705 1163 771 sedetiam
1175 727 1207 771 re
1219 707 1291 792 ipsa,
1307 718 1451 792 quantum

219 828 222 832 ·
274 808 405 892 quidem
419 809 568 874 humanae
583 819 707 874 naturae
721 811 829 875 modus
845 812 964 894 petitur,
980 811 1119 894 implesse
1134 811 1276 876 dicendus
1290 811 1339 876 sit.
1369 812 1453 877 Cadit

275 912 405 994 quidem
426 913 458 976 in
479 913 561 978 bunc
578 931 697 996 quoquo
717 913 746 978 id
767 915 846 996 quod
862 915 893 978 in
904 933 1008 980 omnes
1024 933 1129 999 magua
1143 933 1178 979 ae
1191 915 1318 980 difficilia
1335 915 1452 998 negotis

276 1024 447 1082 tractantes
463 1017 566 1080 cadere
581 1023 667 1080 retus
683 1026 770 1100 pects
785 1027 903 1081 rnonet:

457 1113 617 1204 ἔργμασιν
638 1113 675 1185 ἐν
694 1117 856 1200 χαλεποῖς
878 1119 986 1185 πᾶσιν
1008 1113 1102 1186 <ideis
1123 1113 1277 1202 χαλεπόν.

280 1243 390 1289 rerum
405 1223 463 1288 boc
476 1225 581 1288 saitem
597 1243 651 1307 pro
665 1233 747 1288 certo
759 1224 906 1287 affirmare
916 1223 994 1300 iicet,
1009 1225 1099 1288 etiam
1112 1225 1138 1289 si
1149 1226 1200 1308 qui
1211 1225 1330 1300 inerint,
1346 1225 1452 1308 quibus

279 1329 427 1392 nonnulla
446 1328 509 1392 eius
527 1327 603 1392 iacta
624 1327 723 1391 minus
744 1327 906 1412 placerent,
927 1328 1042 1391 nultum
1065 1333 1164 1390 umen
1183 1327 1278 1392 vnum
1294 1329 1407 1393 bonnam
1422 1339 1453 1394 et

279 1449 414 1512 aequum
435 1431 543 1506 inisse,
565 1433 637 1514 quin
652 1430 762 1512 iieqem
783 1431 866 1494 ilium
887 1443 948 1492 non
967 1429 1065 1493 solum
1081 1431 1194 1494 bonore
1209 1440 1240 1494 et
1256 1433 1452 1508 veneratione,

279 1533 336 1597 sed
352 1552 469 1598 summa
483 1535 572 1598 etiam
588 1533 719 1608 caritate,
740 1551 859 1597 summo
874 1550 976 1596 amore
990 1533 1111 1615 dignum
1127 1531 1258 1608 baberet,
1278 1551 1375 1616 neque
1393 1551 1452 1598 un·

281 1656 377 1722 vam
396 1638 432 1701 de
451 1638 551 1702 animo
572 1637 643 1701 Eius
664 1655 732 1701 uere
752 1637 851 1719 regio,
877 1637 966 1699 unius
985 1635 1046 1698 reri
1067 1637 1199 1717 rectique
1218 1643 1352 1712 amante,
1378 1635 1451 1700 nibit

281 1749 408 1824 propter
426 1759 459 1804 se
475 1759 619 1822 suamque
633 1747 685 1802 eut
700 1740 882 1823 voluptatem
898 1747 949 1803 aut
963 1743 1142 1822 potestatem
1158 1745 1209 1802 aut
1223 1739 1345 1819 gloriam
1360 1757 1452 1824 oppe-

281 1847 383 1916 tenu,
410 1841 461 1905 sed
487 1843 576 1906 unius
600 1841 671 1906 boni
696 1841 805 1926 publici
833 1841 957 1924 cupido,
983 1859 1171 1924 aquoquam
1192 1841 1358 1905 dubitatum
1380 1861 1454 1920 erse,

283 1953 493 2028 praeterquam
507 1943 545 2008 sb
559 1944 731 2008 bominibus
746 1953 798 2009 aut
812 1943 1011 2008 stolidissimis
1025 1951 1076 2007 sut
1090 1943 1296 2026 perditissimis
1311 1961 1345 2008 oc
1359 1943 1454 2008 iurio·
1501 1971 1503 1976 ’

285 2046 346 2120 sis,
360 2065 435 2130 quos
450 2047 516 2120 iiie,
532 2065 624 2130 quum
641 2047 730 2110 etiam
746 2047 848 2110 turbas
864 2047 990 2110 csoitsre
1006 2057 1035 2110 et
1050 2052 1161 2110 statum
1176 2045 1218 2109 rei
1233 2045 1366 2129 publicae
1382 2063 1454 2110 con·

286 2155 389 2212 cutere
404 2149 586 2230 coepissent,
607 2149 674 2212 licet
689 2168 825 2214 coercere
841 2150 967 2232 pervim
982 2155 1100 2232 posset,
1117 2154 1217 2213 umen
1232 2148 1318 2212 insita
1334 2157 1455 2213 naturae

285 2271 359 2315 suae
384 2251 515 2314 bonitate
543 2259 573 2312 ot
597 2251 750 2316 clementia
774 2270 893 2334 percero
914 2253 950 2315 iis
970 2257 999 2315 et
1020 2251 1210 2334 resipiscendi
1232 2269 1266 2314 ac
1285 2251 1454 2332 poenitendi

289 2353 420 2436 spatium
432 2355 502 2417 dare
517 2352 635 2426 maluit,
655 2361 795 2436 tantaque
810 2355 840 2416 in
855 2354 910 2418 illis
925 2353 1020 2417 turbis
1035 2353 1238 2417 moderatione
1259 2371 1332 2416 usus
1347 2361 1406 2426 est,
1423 2361 1457 2416 ut

285 2457 333 2520 sel
356 2457 485 2522 retaxare
512 2457 711 2539 aliquantum,
737 2465 767 2520 et
788 2457 854 2540 pius
877 2459 1002 2520 tortasse
1023 2475 1112 2539 quam
1135 2475 1211 2538 opus
1235 2463 1313 2530 erat,
1340 2455 1456 2538 imperii

285 2559 416 2624 habenas
430 2569 461 2624 et
475 2560 637 2626 concedere
652 2559 689 2624 de
705 2559 768 2624 iure
778 2578 844 2636 suo,
860 2579 949 2644 quam
961 2560 1106 2624 vindicare
1118 2559 1261 2623 violenter
1272 2559 1455 2622 maiestatem

285 2673 318 2726 et
337 2663 505 2746 proculcare
527 2663 685 2728 seditiosos
707 2663 846 2727 homines
865 2663 958 2727 satius
972 2661 1104 2727 baberet.
1135 2663 1200 2739 Qua
1216 2662 1334 2746 quidem
1350 2663 1455 2726 mode·

286 2765 401 2830 ratione
421 2765 488 2848 pius
511 2766 599 2830 nobis
613 2765 744 2830 effecisse
758 2765 888 2840 videtur,
910 2785 998 2848 quam
1014 2766 1040 2828 si
1055 2766 1083 2830 ai
1098 2785 1133 2830 ac
1146 2774 1260 2830 terrore
1275 2765 1455 2830 adversarios

287 2867 493 2949 oppressisset.
527 2869 601 2932 Nam
628 2869 774 2932 bonorum
805 2869 940 2932 omnium
967 2887 1001 2932 ao
1021 2867 1210 2950 prudentium
1232 2867 1348 2931 animos
1367 2868 1455 2930 etiam

289 2970 404 3033 sumius
425 2989 515 3053 qusm
537 2979 624 3034 autea
644 2971 700 3033 sibi
720 2971 899 3046 conciliatu
920 2971 994 3034 istos
1016 2978 1115 3033 autem
1136 2989 1229 3050 quum
1248 2987 1387 3034 concessa
1402 2969 1456 3032 sibi

290 3072 424 3137 libertate
446 3073 510 3136 sine
530 3071 620 3134 modo
640 3089 676 3134 ac
695 3069 839 3134 modestia
860 3071 937 3135 maie
951 3071 1032 3134 abuti
1048 3079 1136 3152 etque
1152 3070 1371 3153 perversissima
1387 3087 1456 3152 per·

289 3174 460 3258 uicinosque
481 3173 524 3239 rei
544 3173 677 3257 pubiicee
697 3172 818 3237 consilia
840 3173 924 3255 sequi
943 3173 1126 3255 coepissent,
1152 3171 1182 3234 in
1205 3190 1357 3236 summum
1378 3171 1455 3254 opud

290 3295 392 3342 sanam
413 3285 527 3362 partem
548 3275 650 3360 popuii
671 3284 722 3338 aut
741 3270 945 3359 contemptum
960 3283 1012 3340 aut
1027 3273 1129 3338 odium
1144 3273 1287 3338 adductos
1301 3293 1367 3338 esse
1380 3273 1456 3338 vidi·

290 3399 374 3458 mus,
395 3395 630 3465 persuasumque
652 3377 803 3452 omnibus.
825 3377 876 3462 qui
891 3375 1077 3442 mediocriter
1092 3377 1181 3442 modo
1197 3386 1350 3460 saperent,
1371 3377 1457 3460 longe

274 3484 446 3570 optabilius
466 3503 532 3550 esse
552 3481 623 3548 boui
641 3500 676 3546 ac
697 3481 766 3547 iusti
781 3481 858 3566 reqis
874 3480 999 3568 imperio
1014 3481 1177 3560 subiectos,
1199 3498 1289 3566 quem
1304 3480 1457 3566 imperitae
1529 3532 1532 3540 .

290 3589 488 3656 multitudinis
504 3587 665 3653 temeritati
681 3585 827 3651 obnoxios
841 3587 947 3652 vivere.

375 3695 459 3761 Hanc
472 3695 568 3780 ipsam
583 3691 760 3758 sententiam
776 3711 869 3776 quum
885 3709 964 3756 suno
979 3689 1009 3754 b.
1025 3709 1050 3755 s.
1067 3688 1196 3765 XLVHI,
1216 3687 1368 3770 iumagus
1383 3707 1458 3771 quae

290 3798 443 3863 etiamtum
457 3807 521 3864 erat
535 3817 637 3863 rerum
653 3797 789 3861 omniurn
805 3794 1025 3880 perturbatione
1040 3793 1265 3876 multorumque
1278 3791 1384 3856 animis
1399 3793 1459 3860 buc

291 3899 360 3966 illuc
374 3901 593 3977 fluctuantibus,
608 3899 794 3984 publicanos
809 3898 913 3962 iisdem
928 3897 990 3962 iero
1005 3895 1103 3961 verbis
1117 3896 1376 3980 promerentem),
1391 3917 1457 3964 me·

292 4002 433 4068 minimus
447 4003 607 4077 nonnuliis.
622 4001 710 4067 bonis
724 4001 850 4066 tortasse
861 4000 929 4066 siris
941 3999 993 4064 sed
1005 3999 1104 4064 minus
1116 4001 1229 4083 peritis,
1245 4001 1355 4066 mirum
1367 4001 1458 4067 videri

292 4103 351 4170 boo
362 4105 502 4171 iudicium
513 4115 545 4171 et
555 4105 602 4171 ris
612 4103 826 4190 ignoscendum
837 4103 884 4182 iis,
899 4103 960 4189 qui,
975 4103 1054 4168 sicut
1063 4119 1130 4179 nos,
1145 4101 1326 4187 antiquitatis
1337 4121 1458 4187 pascas

361 4327 388 4392 2)
405 4323 433 4380 is
454 4335 638 4396 protestate
659 4325 800 4382 indicandis
818 4325 896 4395 lieris
914 4325 1056 4396 retulistis,
1078 4325 1189 4397 repetito
1207 4325 1232 4381 is
1250 4324 1344 4398 opusc.
1358 4341 1398 4382 aa.
1415 4324 1457 4381 iil.
1555 4329 1557 4334 '

294 4411 396 4480 Ηίῦ.
