3186 4958
760 486 911 587 ..²32

257 676 362 750 dicant,
378 677 486 758 quilius
501 676 638 760 equidem
655 697 703 740 me
718 677 853 742 assentiri
869 680 1019 762 profiteor,
1032 678 1070 741 ita
1088 686 1185 742 umen
1201 688 1234 744 ut
1250 683 1419 767 propiorem

257 779 345 843 verbe
370 799 435 842 esse
455 798 601 844 censeam.
631 781 706 844 Nam
726 801 742 844 a
764 783 884 844 neruiue
899 782 1016 856 verbali,
1042 783 1123 864 quod
1137 783 1317 848 abstractum
1333 787 1421 852 hodie

256 899 405 956 remmus,
427 884 494 964 quia
515 885 624 947 nuelam
641 885 730 948 tiator
745 885 868 948 actionis
883 893 934 947 aut
949 887 1094 967 passionis
1108 887 1270 962 notionem,
1295 909 1421 972 eamque

154 989 156 994 '
257 1003 317 1047 non
333 985 532 1049 irritaercntem
548 989 633 1050 alicui
649 989 839 1061 substantiae,
856 989 907 1050 sed
923 987 1016 1072 ipsam
1033 991 1116 1071 quasi
1132 991 1313 1056 substantiae
1325 993 1422 1074 specie

256 1087 456 1167 informatam,
478 1089 636 1153 intinitirus
653 1112 688 1155 eo
703 1093 808 1168 diliert,
833 1091 911 1173 eprrod
926 1111 1045 1174 semper
1059 1093 1147 1156 etiarn
1163 1094 1285 1158 suliiecti
1299 1096 1422 1159 alicuius

256 1192 407 1256 notionem
424 1193 556 1275 quamtis
573 1193 752 1258 indefinitam
769 1205 799 1259 et
814 1195 966 1270 incertam,
982 1196 1106 1279 ideoque
1121 1197 1210 1260 ctiam
1226 1201 1347 1279 copulae
1364 1199 1422 1262 rim

256 1293 287 1358 in
301 1315 333 1359 sc
349 1296 446 1371 habet,
468 1299 547 1360 unde
564 1301 607 1372 dt,
629 1309 661 1362 ut
675 1318 734 1362 uon
751 1300 834 1362 aliter
848 1319 937 1382 quam
960 1301 1079 1363 uerbum
1096 1301 1212 1363 finitum
1228 1320 1296 1364 eum
1313 1303 1422 1366 activae

255 1407 307 1462 aut
321 1399 452 1482 passivae
466 1411 516 1463 aut
531 1402 673 1464 neutralis
688 1403 867 1466 conditionis
887 1403 1099 1484 significatione
1115 1405 1256 1488 temporis
1272 1405 1420 1487 adsignifi-

256 1502 403 1565 cationem
419 1504 586 1586 coniungat,
603 1525 677 1586 quac
692 1525 708 1567 a
724 1507 845 1568 nomine
865 1507 973 1568 rerlrali
988 1506 1135 1569 alistracto
1150 1507 1244 1570 aliena
1259 1519 1313 1582 est,
1334 1518 1423 1590 atque

256 1623 324 1669 cum
340 1605 443 1668 iisdem
458 1625 494 1670 ac
508 1608 629 1670 certium
651 1608 767 1671 diuitum
783 1608 897 1671 casibus
913 1608 1096 1672 obieictorum
1113 1617 1313 1684 construatur,
1329 1629 1422 1693 quum

256 1707 400 1772 abstracta
420 1709 467 1772 illa
488 1711 647 1790 genitivum
669 1712 778 1794 potius,
799 1729 888 1794 quem
911 1729 971 1772 non
991 1711 1091 1794 inepte
1106 1712 1288 1776 definitivum
1303 1704 1422 1790 dixeris,

255 1830 405 1874 assumere
426 1813 550 1876 soleant.
581 1813 697 1878 lntinita
718 1823 816 1878 autem
837 1815 884 1876 illa
906 1823 935 1876 ct
950 1815 1059 1877 ineerta
1075 1815 1198 1878 subiecti
1214 1817 1306 1890 notio,
1333 1836 1423 1898 quam

257 1913 352 1978 inesse
372 1915 402 1978 in
422 1915 566 1979 intinitiro
581 1917 651 1991 elisi,
677 1917 701 1981 si
718 1918 855 1981 disertius
870 1917 1023 1980 indicanda
1038 1925 1091 1992 est,
1112 1918 1230 2000 aliquod
1247 1937 1356 1980 nomen
1371 1925 1423 1982 aut

257 2037 422 2102 prenomen
441 2022 612 2104 requiritur,
640 2023 727 2106 idque
749 2031 870 2106 propter
885 2032 995 2086 certam
1012 2021 1160 2103 oriundam
1177 2042 1306 2097 causatu,
1332 2041 1423 2104 epuam

257 2125 422 2188 accuratius
441 2125 584 2208 explicare
604 2126 726 2208 lengum
747 2145 802 2190 nec
823 2127 910 2190 liuius
931 2125 988 2188 loci
1002 2133 1057 2199 est,
1084 2123 1114 2186 in
1129 2125 1303 2201 accusativo,
1328 2127 1423 2190 rarius

259 2245 314 2291 nec
339 2229 394 2292 nisi
417 2231 506 2293 certis
531 2231 749 2295 conditionibus
774 2231 805 2294 iu
831 2230 1013 2294 noritiuatire
1039 2229 1138 2291 aliisue
1161 2231 1277 2293 casibus
1297 2231 1422 2294 additur.

259 2329 361 2406 Qottt
374 2335 454 2416 quod
470 2335 559 2400 etiam
576 2337 655 2398 eerlri
670 2335 743 2399 territi
756 2335 840 2400 tertia
856 2352 982 2418 persona
998 2344 1100 2396 uatum
1117 2351 1169 2395 sua
1182 2333 1293 2396 inlinita
1306 2334 1425 2418 est³³p

258 2453 314 2499 nec
338 2437 419 2501 linita
440 2441 473 2501 m
492 2439 547 2503 uisi
568 2439 668 2504 addito
690 2448 741 2502 aut
756 2438 903 2502 intellecto
918 2439 1015 2519 atiquo
1031 2437 1151 2500 nominc
1166 2445 1217 2501 aut
1232 2439 1424 2520 pronomine:

258 2559 292 2604 ac
313 2559 351 2603 ne
369 2541 464 2624 prrima
480 2545 600 2627 quidem
616 2553 646 2608 et
659 2543 786 2608 secundo
803 2561 929 2626 persona
944 2541 1008 2604 iure
1023 2540 1120 2603 linitae
1135 2540 1190 2603 dici
1206 2551 1342 2622 possunt,
1368 2543 1425 2606 uisi

257 2643 283 2709 si
298 2645 349 2730 qui
363 2645 496 2730 loqtritur
509 2657 540 2713 ct
555 2669 642 2732 epuem
655 2649 815 2734 ulleupdtur
828 2656 880 2712 aut
891 2654 1059 2730 praesentes
1073 2652 1124 2710 aut
1135 2643 1251 2708 aliunde
1267 2645 1330 2710 noli
1345 2655 1425 2713 sunt.

257 2781 301 2798 -
315 2749 381 2814 lt'ou
395 2753 606 2836 segmgauduru
618 2775 634 2818 a
646 2753 735 2818 uerbo
750 2751 926 2818 infinitivum
942 2772 1007 2815 esse
1022 2751 1111 2816 etiam
1128 2750 1220 2815 Stoici
1236 2761 1425 2828 censuerunt,
1536 2761 1538 2766 ’

258 2854 351 2920 imme
377 2852 522 2942 ῥήματος
547 2859 741 2944 appellatione
768 2859 848 2922 hunc
866 2855 1053 2940 potissimum
1076 2861 1106 2918 et
1127 2862 1243 2938 praeter
1262 2855 1333 2920 alias
1348 2858 1427 2922 verbi

260 2957 372 3024 lermas
387 2979 505 3026 vocasse
521 2963 666 3026 ridentur.
704 2954 745 3026 Oi
768 2952 842 3026 dard
864 2957 923 3045 τῆς
943 2959 1059 3036 Στοᾶς,
1075 2959 1170 3042 iuquit
1185 2961 1368 3042 dpollonius‚
1391 2962 1428 3026 de

258 3074 369 3129 constr.
388 3067 416 3140 l,
432 3065 452 3130 8
467 3085 497 3150 p.
513 3066 564 3141 31,
581 3058 663 3130 oded
686 3061 745 3148 μὲν
767 3060 819 3148 (cei
837 3057 1093 3148 u’rrcpe‘ppurov)
1115 3059 1255 3126 καλοῦσι
1271 3060 1367 3148 ῥῆμα,
1389 3059 1428 3128 τό

260 3163 299 3230 δὲ
320 3169 546 3251 περιπατεῖ
566 3159 588 3255 ἢ
610 3163 762 3254 ypee'epsc
784 3163 996 3253 κατηγόρημα
1020 3156 1040 3252 ἢ
1063 3161 1229 3248 σύμβαμα.
1262 3167 1328 3230 Non
1357 3169 1428 3233 satis

170 3299 173 3306 ¹
259 3278 360 3334 tanuen
376 3283 512 3336 accurate
526 3273 698 3355 Apollonius
714 3273 831 3336 locutus
846 3277 900 3345 est,
924 3270 1050 3352 ideoque
1066 3269 1226 3332 nonnullos
1241 3269 1271 3332 in
1286 3271 1367 3333 hunc
1380 3289 1429 3334 cr·

258 3391 358 3438 rerem
385 3375 509 3450 induxit,
536 3385 570 3439 ut
594 3370 742 3461 ῥήματος
767 3393 880 3438 nomen
899 3393 915 3436 a
931 3373 1039 3436 Stoicis
1057 3371 1113 3436 soli
1133 3371 1276 3435 inlinitivo
1292 3373 1429 3449 inditum,

259 3476 350 3540 verbe
365 3477 449 3541 linito
464 3487 563 3542 autem
579 3479 756 3561 dearmatum
771 3499 836 3542 esse
851 3477 1014 3542 crederent.
1044 3475 1141 3538 Immo
1157 3484 1220 3540 erat
1234 3475 1270 3539 iis
1284 3476 1342 3540 hoc
1352 3496 1432 3560 que·

259 3597 318 3663 que
334 3575 431 3666 ῥῆμα,
452 3583 504 3645 sed
521 3591 638 3666 praeter
652 3583 728 3646 hane
743 3599 934 3646 communem
950 3578 1175 3663 appellationem
1192 3579 1281 3642 etiam
1297 3579 1360 3642 aliis
1375 3597 1431 3644 ne·

259 3683 390 3746 minibus
406 3685 499 3768 arogis
513 3685 631 3770 prroprio
647 3686 862 3767 designabatur,
878 3683 973 3767 qualia
982 3691 1068 3767 sunt,
1083 3700 1146 3746 non
1161 3683 1281 3764 quidem
1292 3676 1432 3768 κατηγό-

262 3775 350 3873 ρημα
366 3788 446 3864 (nam
464 3789 522 3853 lroc
533 3808 652 3873 quoque
664 3808 824 3854 commune
840 3805 951 3852 nomeu
962 3791 1032 3868 cst,)
1048 3785 1100 3850 sed
1111 3779 1269 3868 σύμβαμα
1282 3791 1314 3850 et
1325 3805 1435 3870 παρα·

264 3934 467 3952 m

331 4029 374 4094 dd)
393 4029 492 4084 lluouit
509 4033 557 4084 loe
574 4032 628 4101 ipse
644 4031 792 4103 dpolloniue
804 4031 835 4083 ele
846 4037 942 4084 constr.
954 4029 984 4096 ll,
997 4031 1013 4083 5
1026 4045 1049 4098 p.
1066 4028 1123 4094 ldl,
1138 4027 1183 4082 152
1205 4022 1357 4102 ὁριζόμενοι
1376 4023 1434 4100 reip

265 4108 299 4168 ed
317 4111 428 4185 dripere
444 4113 514 4169 aurel
535 4115 648 4185 repeisse
660 4119 704 4172 ecel
719 4114 850 4186 δεύτεροι·
861 4111 1059 4185 deprecatiorem
1071 4111 1142 4168 narei
1155 4111 1188 4167 ed
1200 4117 1303 4186 τρίταν.
1324 4109 1362 4166 Cl.
1375 4111 1433 4166 l’ri·

272 4201 352 4253 eeieu.
364 4200 421 4268 Xll,
438 4201 453 4252 2
471 4217 496 4268 p.
509 4203 573 4256 l'iS:
595 4221 665 4272 „uon
683 4201 896 4256 irrationabiliter
916 4203 1008 4255 tertiae
1020 4201 1157 4254 verberam
1177 4215 1299 4268 perseam
1320 4199 1435 4253 indultae

268 4281 418 4351 Apolloniae
434 4287 507 4352 dlcit,
525 4304 599 4357 quun
613 4287 680 4342 nulle
694 4289 768 4342 iacis
780 4297 852 4341 certe
865 4288 968 4341 linietur
980 4303 1088 4355 peccem
1101 4295 1127 4340 et
1139 4285 1278 4353 profundae
1290 4285 1443 4337 multitude.

269 4369 310 4422 eis
329 4371 382 4423 alut
401 4376 535 4439 cepeeee.“
559 4376 617 4430 Nee
634 4376 716 4443 inepte
729 4375 808 4443 igitur·
818 4375 899 4428 Stoici
910 4375 990 4427 verbe
1001 4375 1094 4428 tertiae
1107 4387 1239 4441 personae,
1250 4372 1274 4425 ei
1287 4371 1343 4424 ecla
1359 4386 1438 4437 pene·

265 4463 365 4520 mmo
376 4451 476 4525 terena
489 4467 616 4514 recerunt
627 4461 710 4530 illies.
722 4461 752 4514 l..
763 4461 818 4527 Vll,
828 4461 880 4526 6³),
892 4459 1019 4514 interito
1032 4459 1102 4512 irrisi
1113 4475 1128 4511 a
1138 4457 1255 4513 Peaetlle
1268 4455 1438 4524 (Geretlchte

266 4541 313 4594 der
324 4540 409 4609 uegit
422 4559 445 4610 p.
458 4545 538 4612 tta),
551 4547 594 4616 qai
606 4547 705 4601 enim
718 4547 792 4600 eleale
805 4547 915 4618 iniquum
928 4547 1073 4601 Stelcerun
1085 4563 1217 4600 censerem
1229 4546 1293 4614 egit.
