3266 4958
617 414 767 513 *es—

108 605 155 670 his
181 621 242 670 non
266 603 364 670 minus
389 623 479 690 quam
506 605 544 670 de
569 603 793 670 vaticinantibus
814 603 937 667 verbum
956 601 1027 667 illud
1045 595 1274 685 μαντεύεσθαι

108 709 245 793 tnurpani
269 720 375 774 notum
394 719 450 774 est
484 709 547 774 lam
569 727 639 774 vero
658 709 684 774 ei
705 708 866 772 infinitivus
886 699 1089 794 ἀποφαίνειν
1110 705 1275 790 imperativi

84 833 86 840 ·
108 813 202 878 instar
216 813 369 878 habendus
383 813 432 889 sit,
448 813 622 878 mirabimur
632 812 773 878 orationis
784 811 1055 886 inconcinnitatem,
1070 829 1164 895 quum
1176 810 1274 894 paubo

108 925 176 982 ante
187 917 379 1000 imperativus
390 917 439 992 sit,
454 917 636 1004 φρονρεῖτι.
663 915 790 980 Sustulit
804 933 869 978 eam
881 913 913 978 1..
925 914 1102 990 biodorstue
1118 913 1275 1000 φρουρεῖν

109 1021 289 1086 rescribens:
310 1037 491 1102 quamquam
510 1019 550 1093 is.
576 1019 753 1093 unicolor,
775 1036 836 1081 non
858 1035 913 1100 pro
934 1016 1113 1100 imperativis
1128 1018 1185 1081 bos
1199 1017 1275 1081 duos

108 1120 269 1186 inlinitivos
284 1121 402 1196 baberi,
416 1121 468 1186 sed
484 1121 521 1186 ab
535 1113 681 1206 α’γαθόν,
696 1121 759 1184 scil.
775 1113 853 1196 laet,
868 1119 996 1204 pendere
1011 1120 1111 1182 voluit.
1140 1119 1190 1183 Sic
1204 1137 1275 1182 sans

108 1233 139 1288 et
152 1231 302 1290 structura
317 1225 473 1289 verborum
486 1235 564 1290 recte
576 1225 719 1309 procedit,
734 1243 789 1288 nee
799 1223 944 1288 sententia
955 1222 1081 1286 absurda
1092 1230 1153 1295 este
1169 1221 1277 1285 merito

110 1335 210 1391 tamen
230 1327 417 1393 llermvnnus
443 1328 579 1412 trigidum
608 1328 772 1392 orationem
801 1325 924 1390 evadere
948 1333 1092 1390 autumat.
1133 1323 1207 1386 ltam
1232 1331 1279 1387 est

110 1432 244 1514 prolecto
263 1431 418 1515 trigidum,
440 1433 618 1498 sententiam
638 1429 809 1496 huiusmodi
828 1429 995 1512 generalem
1012 1444 1194 1514 proponere,
1216 1445 1278 1491 non

111 1534 182 1616 quid
201 1535 367 1600 laciendum
388 1537 428 1600 sit
442 1537 477 1602 iis
492 1536 578 1619 ipsis,
599 1537 650 1618 qui
665 1535 694 1600 id
709 1535 806 1600 lacere
820 1533 955 1606 debeant,
970 1532 1147 1616 praecipere.
1177 1531 1277 1614 Longe

111 1647 191 1701 certe
216 1637 314 1720 aptior
338 1639 433 1703 oratio
454 1641 501 1714 lit,
528 1640 554 1704 si
575 1659 644 1704 eom
666 1639 837 1702 llermanno
858 1637 994 1720 copulam
1014 1629 1052 1700 τό
1071 1643 1141 1718 post
1163 1629 1279 1720 φήμας

56 1753 58 1759 ·
111 1738 244 1802 delemus
264 1749 295 1802 et
313 1759 368 1822 pro
389 1729 522 1823 όγαθόν
540 1741 712 1824 reponimus
733 1731 881 1822 όγαθῶν.
912 1739 991 1802 ttioit
1011 1739 1043 1802 in
1058 1737 1209 1802 codicibus
1224 1737 1279 1801 bae

112 1841 329 1922 permutatione
344 1842 527 1926 torquendus
542 1851 604 1919 ectr
620 1859 771 1924 quumque
785 1842 877 1906 semel
890 1832 1023 1923 όγαθόν
1033 1840 1177 1924 scriptum
1188 1847 1278 1914 esset,

111 1944 216 2024 copula
231 1951 300 2024 post
313 1937 428 2028 φήμας
443 1944 479 2007 ab
494 1943 593 2026 aliquo
607 1953 775 2008 correctore
790 1943 887 2006 addita
902 1961 968 2006 esse
984 1943 1113 2018 videtur,
1129 1943 1181 2026 qui
1196 1933 1280 2026 οἶμα·

112 2041 179 2106 θὸν
192 2063 247 2126 pro
262 2045 354 2109 altem
369 2045 500 2128 epitheto
514 2045 690 2110 substantivi
705 2037 813 2126 σεόμα
826 2044 965 2122 baberet,
985 2045 1162 2109 infinitivum
1179 2053 1280 2109 autern

113 2135 317 2233 ἀποφαίνειν
331 2167 385 2230 pro
400 2147 575 2231 imperttivo
590 2147 719 2232 positum
731 2167 796 2212 esse
807 2148 950 2213 crederet.
976 2149 1078 2230 ltaque
1089 2157 1169 2214 recte
1181 2149 1281 2212 locum

113 2248 149 2312 ab
164 2249 335 2314 Hermanno
355 2251 544 2317 emendatum
565 2271 632 2316 esse
647 2251 826 2328 iudicamus,
846 2261 1082 2336 receperuntque
1097 2251 1281 2316 emendatio-

113 2369 183 2416 nem
204 2353 293 2418 etiam
308 2353 408 2419 Fiaius
428 2365 459 2420 et
473 2355 652 2440 llartungus.
682 2351 798 2442 Φήμαι
819 2347 949 2437 α’γαθαὶ
963 2347 1104 2437 α’γαθοῖν
1118 2365 1189 2420 sunt
1202 2355 1283 2420 bona

114 2455 202 2520 verba
221 2465 363 2542 tanquam
384 2459 454 2524 boni
474 2471 598 2524 eventus
618 2459 717 2525 omina
737 2468 768 2523 et
788 2459 946 2542 praesagia.
976 2459 1056 2524 Talia
1071 2459 1126 2524 lon
1147 2459 1195 2526 edi
1209 2459 1281 2536 vult,

21 2609 22 2612 ,
115 2567 278 2637 uteorum,
293 2563 344 2644 qui
360 2563 513 2628 oraculum
529 2563 693 2628 consulturi
708 2563 778 2638 sint,
793 2563 884 2628 animi
899 2583 952 2647 spe
967 2564 1041 2628 laeta
1055 2573 1085 2626 et
1099 2564 1206 2630 liducia
1221 2565 1281 2628 eri·

114 2671 236 2746 gantur:
263 2665 344 2748 quod
369 2674 469 2730 autern
494 2666 576 2730 addit
601 2657 694 2742 όόόας
718 2659 883 2752 γλώσσης,
909 2668 1034 2750 opponit
1060 2669 1169 2732 borum
1193 2667 1283 2732 verba

115 2765 236 2850 Pythiae
250 2767 410 2834 sacerdotis
424 2769 506 2845 voci,
522 2769 631 2852 quippe
645 2785 721 2852 quae
736 2785 797 2833 non
812 2779 873 2832 tam
889 2769 980 2852 ipsius
995 2771 1113 2854 propria
1127 2772 1175 2846 sit,
1191 2789 1283 2854 quam

115 2869 228 2934 divinae
245 2872 352 2936 mentis
367 2871 612 2938 instrumentum.
634 2873 720 2946 Nam.
735 2881 770 2938 ut
784 2873 826 2938 ait
836 2873 914 2937 Plut.
925 2873 962 2938 do
974 2893 1052 2940 orac.
1063 2875 1122 2938 del.
1135 2895 1164 2960 p.
1175 2874 1282 2938 tter.

116 2972 276 3038 credebant
303 2969 363 3038 σόν
391 2970 475 3040 θεόν
503 2967 603 3040 αὐτόν
628 3009 670 3024 -·
699 2969 891 3058 ἐνδυόμενον
918 2967 966 3054 εἷς
991 2973 1034 3041 τό
1056 2970 1195 3058 σαὶμαεσ
1215 2973 1284 3041 σῶν

117 3077 301 3162 προφητῶν
338 3069 631 3166 ὑποφθέγγεσθαι.
663 3079 796 3164 benique
819 3079 979 3146 infinitivus
1000 3071 1207 3166 o’rropov'verv
1225 3099 1284 3166 qua

117 3180 231 3246 ratione
252 3191 322 3266 post
335 3176 445 3266 στόμα
460 3173 607 3273 εὔφημον
621 3185 794 3274 ppoopvivv
808 3184 963 3250 adiunctus
978 3185 1033 3261 sit,
1055 3203 1145 3252 nemo
1158 3185 1216 3252 sibi
1229 3187 1284 3254 er·

117 3283 188 3368 poni
203 3286 373 3369 postulabit.

202 3388 265 3451 lam
285 3389 322 3452 ad
342 3407 417 3473 opus
432 3407 522 3454 suum
537 3390 591 3456 lon
605 3389 786 3474 aggreditur,
806 3399 841 3455 ut
855 3409 954 3455 aream
969 3393 1072 3477 templi
1085 3400 1183 3458 verrat
1195 3401 1286 3477 atque

117 3499 255 3566 exornet,
276 3509 403 3574 avesque
423 3491 595 3557 advolantes
616 3493 721 3576 abigat
751 3493 940 3576 Quamquam
953 3495 1034 3560 enim
1048 3497 1112 3578 ipse
1126 3495 1286 3560 terrendas

117 3600 249 3669 tantum,
272 3610 334 3657 non
348 3591 438 3656 etiam
454 3595 603 3659 ornandae
617 3613 702 3660 areae
717 3595 832 3662 disertis
848 3595 945 3661 verbis
959 3597 1144 3662 mentionem
1157 3597 1228 3663 lacit
1240 3630 1285 3644 -

118 3686 258 3772 όσόόσις
285 3694 413 3775 Φοίβου
439 3691 594 3782 καθαρός
620 3690 785 3782 θήσομεν,
811 3699 1286 3784 inquitv.105‚nequeadtlit

118 3791 177 3860 eci
202 3790 427 3883 κοσμήοομεν,
454 3833 498 3846 -
517 3809 639 3884 apparet
657 3811 757 3866 tamen
776 3795 932 3888 σιὲφεσιν
951 3793 1065 3886 ἱεροῖς,
1081 3823 1158 3888 quae
1177 3803 1285 3868 eodem

118 3917 207 3964 versu
220 3901 417 3984 appellantur,
437 3919 499 3967 non
513 3901 590 3968 verri
603 3921 719 3980 mmm,
738 3905 792 3970 sed
807 3905 905 3970 ornari
919 3913 1037 3970 tanturn
1051 3915 1153 3992 postes
1166 3905 1285 3972 colum·

118 4019 231 4088 nosque
244 4003 385 4089 potuisse.
416 4005 475 4070 Sed
489 4005 521 4071 in
535 4005 777 4090 praecedentibus
791 4007 897 4085 verbis,
912 4026 941 4072 v.
959 4009 1041 4086 tot..

405 4098 501 4196 ήμεῖς
521 4103 560 4177 dd
582 4103 716 4190 πόνους,
738 4099 798 4190 σός
819 4103 856 4177 dv
877 4107 1004 4190 παιδός

405 4211 600 4296 μοχθοῦμεν
622 4205 678 4283 αἐό
696 4249 740 4265 -

119 4313 303 4381 εοσαεειίνοι
323 4305 448 4394 πόνους
466 4333 528 4383 non
545 4317 634 4385 bobes
653 4321 732 4386 unde
750 4319 887 4406 pendeat
921 4317 996 4385 ltam
1015 4320 1133 4386 ntdlum
1151 4321 1288 4407 uqrdtur

119 4415 242 4579 coelicam
274 4417 460 4486 transitivum
485 4419 542 4488 nisi
568 4413 718 4510 θήσομεν
750 4412 904 4504 (iubeor
935 4416 1114 4586 νοθαςόδς),
1154 4423 1288 4492 roemm
