3186 4968
737 498 888 600 mo

224 701 300 764 apoe
323 675 463 749 έκέοθαι
484 687 640 752 dicuntur.
663 687 750 752 liorn.
767 691 799 753 ll.
815 689 864 764 ill,
881 691 953 752 225.
977 690 1032 754 0d.
1050 689 1098 764 ΧΙ,
1115 691 1187 757 317.
1203 693 1306 772 xvttt,
1322 697 1395 762 tto.

225 786 300 860 xlx,
316 789 392 852 532.
417 790 536 854 llesiod.
551 791 587 854 Ο.
602 799 634 854 et
649 792 681 856 ll.
703 791 771 866 132,
787 795 896 876 quique
912 795 942 857 iu
957 813 991 857 sa
1008 805 1170 870 versamur,
1187 789 1269 884 ἥβης
1278 795 1398 884 μέτρον

222 881 324 967 ἔχειν,
341 901 378 954 ιιι
392 893 470 974 apud
484 894 686 976 Theognidem
703 916 729 958 τ.
749 897 845 958 tlte:
866 888 949 981 ἥβης
969 891 1088 980 μέτρον
1109 891 1220 980 έχοιμτ
1242 899 1340 986 φιλοῖ
1360 899 1399 971 δέ

221 1011 264 1072 ps
286 993 417 1076 Φοῖβος
438 987 625 1060 Ἀπόλλων.
662 998 763 1080 ltaque
786 999 836 1082 qui
851 989 974 1062 sudreie
987 991 1071 1084 ἥβης
1085 995 1205 1084 μέτρον
1219 1023 1287 1068 oum
1303 1007 1397 1074 altero

222 1095 329 1168 balet,
352 1097 379 1160 is
399 1097 430 1160 in
450 1100 557 1162 eodem
578 1119 647 1163 oum
671 1101 764 1164 altero
784 1101 875 1182 ςτιιιιι
896 1100 1111 1166 adolescentiae
1130 1123 1195 1168 esse
1217 1107 1333 1174 dieitur.
1354 1145 1396 1158 ·-

221 1199 356 1262 Ostendit
371 1209 471 1264 sutem
488 1202 660 1266 Elmsleium
677 1203 759 1266 elisio
771 1204 987 1268 terminationis
999 1205 1028 1267 in
1041 1192 1105 1282 τέκ’
1120 1196 1171 1280 έέν,
1186 1210 1271 1274 ouius
1281 1213 1397 1293 generis

221 1319 299 1382 quse.
317 1303 390 1366 alibi
401 1315 504 1368 estant
514 1307 647 1388 exempla
660 1307 759 1370 omnia
772 1307 946 1390 corrigendo
957 1327 1110 1372 removere
1121 1311 1220 1374 studet
1228 1314 1265 1394 *).
1284 1315 1398 1398 Nempe

223 1403 368 1487 pleraque
382 1407 529 1472 eiusmodi
544 1417 630 1484 sunt,
652 1419 687 1473 ιιι
700 1409 776 1473 incili
792 1411 912 1494 negotio
928 1411 1036 1474 mutari
1051 1412 1181 1494 possint,
1202 1435 1296 1498 eaque
1310 1437 1397 1483 musa

222 1509 276 1571 luit
316 1519 353 1574 ut
387 1531 508 1575 manum
533 1513 567 1576 iis
598 1514 778 1576 admoveret
816 1515 890 1578 Nam
922 1515 1037 1578 etiamsi
1066 1515 1143 1578 lorte
1178 1517 1396 1585 delicatioribus

222 1615 347 1677 auribus
362 1633 428 1678 erm
444 1616 598 1680 elisionem
610 1609 768 1700 'displicere
783 1618 917 1701 potuisse
932 1619 1129 1691 sortoesseris,
1144 1626 1218 1684 adso
1235 1631 1334 1686 tamen
1350 1625 1397 1687 in·
1474 1641 1476 1646 ·

225 1719 410 1784 tolerabilem
427 1721 518 1784 risam
535 1741 615 1796 esse,
637 1729 671 1786 ut
686 1738 838 1804 nunquam
854 1723 1075 1796 admitteretur,
1097 1743 1153 1806 ego
1169 1725 1286 1807 quidem
1302 1726 1397 1790 baud·

223 1845 376 1909 quaquam
386 1825 526 1890 altirmari
536 1845 624 1908 posse
633 1826 730 1890 oredo.
741 1825 929 1910 Quodsiquis
938 1827 1396 1908 urasenoomigendumnostrum

225 1931 325 1994 losum
345 1939 447 2012 ηιιιιι,
468 1929 648 2011 probabilius
668 1938 747 1994 sorte
762 1948 831 1994 oum
847 1930 987 1994 Elmsleio
1002 1929 1166 1996 scribamus
1181 1928 1236 1995 σοὶ
1251 1921 1340 1994 ταῦτ’
1356 1921 1398 1995 ι’έν

226 2025 320 2116 ἥβης,
337 2023 436 2112 ιέττερ
450 2019 500 2116 ἥν,
512 2017 597 2110 εἶχεν
606 2025 720 2114 μέτρα,
733 2049 835 2114 quam,
847 2032 925 2112 quod
939 2033 1109 2096 llormanno
1120 2033 1152 2096 iu
1163 2043 1293 2097 mentem
1306 2035 1396 2106 venit,

226 2131 281 2198 roi
299 2125 420 2197 ταέτόν
441 2127 523 2219 ἥβης
537 2125 636 2216 τέτιιρ
650 2123 689 2218 ἥν
704 2127 786 2212 έχων
799 2131 928 2214 μέτρον.
959 2135 1104 2198 ΡΙιιτιΙοιο
1120 2129 1224 2218 μέτρα
1238 2135 1396 2200 ΕΙιοιιιίιιι

227 2339 365 2421 putabat:
381 2349 412 2402 et
427 2339 536 2422 poten't
550 2355 621 2401 sane
635 2339 683 2402 ille
697 2339 828 2421 pluralis,
842 2331 946 2420 μέτρα
961 2357 1015 2420 pro
1025 2333 1154 2418 μέτρον,
1170 2357 1231 2404 uno
1242 2349 1294 2404 aut
1304 2342 1396 2404 altero

227 2443 365 2524 exemplo
386 2439 588 2523 comprobari,
609 2441 688 2504 velut
707 2439 738 2503 in
757 2440 967 2522 epigrammate
986 2439 1063 2523 apud
1084 2441 1238 2514 bossium,
1261 2441 1395 2524 inscript.

228 2547 298 2608 iaso
315 2543 341 2607 ll
355 2561 405 2606 no.
427 2542 495 2613 tts,
510 2534 557 2618 ιές
570 2535 675 2625 μέτρα
689 2533 722 2604 d’
737 2534 821 2627 ἥβης
834 2532 879 2617 oie
894 2533 1093 2628 οἷνηρχέμηνι
1109 2543 1161 2606 sed
1177 2543 1207 2606 in
1222 2543 1281 2606 hoo
1295 2553 1395 2607 tamen

227 2649 356 2712 Cmusso
377 2645 519 2710 rersietdo
542 2643 615 2707 nibil
630 2643 729 2708 obstat
743 2662 803 2725 quo
819 2643 919 2706 minus
932 2641 1053 2728 μέτρον
1066 2644 1227 2717 scribatur.
1249 2645 1395 2728 siquidem

227 2751 306 2814 iliam
327 2749 364 2813 de
385 2739 487 2810 asdod
502 2745 643 2810 inusitato
659 2746 831 2829 opinionem
846 2745 931 2810 iustis
947 2746 1055 2812 linibus
1069 2749 1263 2812 coercendam
1279 2767 1344 2812 esso
1359 2767 1396 2812 ne

227 2855 324 2936 ipsum
346 2850 464 2934 quidem
486 2849 659 2914 Elmsleium
677 2850 787 2932 fugisse
807 2847 931 2912 ridetur.
967 2849 1011 2912 (ἐι.
1033 2850 1158 2912 Ellendt.
1179 2850 1249 2914 ber.
1270 2852 1362 2932 Sopb.
1383 2851 1397 2914 1

225 2979 255 3040 p.
272 2957 347 3018 unt.
377 2955 410 3018 ln
425 2953 587 3018 llermauni
607 2961 707 3017 autem
730 2951 913 3024 coniectura,
936 2953 965 3015 iu
986 2971 1042 3034 qua
1063 2945 1147 3030 έχων
1167 2971 1227 3016 nou
1248 2955 1285 3016 de
1305 2973 1397 3037 puero

226 3059 360 3141 intelligi,
376 3059 484 3141 dequo
497 3047 595 3136 οέιιιρ
609 3045 628 3142 ἥ
630 3078 646 3118 ν
656 3055 768 3120 dictum
780 3062 836 3128 est,
848 3055 899 3117 sed
910 3055 945 3118 ad
957 3051 1082 3134 χρόνος,
1094 3057 1126 3119 in
1137 3075 1223 3121 vorsu
1234 3058 1397 3140 superiore,

227 3163 330 3227 relerri
347 3161 425 3234 ruit,
448 3178 626 3243 magnopere
642 3179 690 3222 me
706 3167 822 3242 praeter
836 3167 1001 3222 structurae
1018 3159 1155 3223 duritiem
1171 3161 1293 3224 ollendit
1308 3161 1399 3243 ipsius

228 3265 386 3332 looutionis
407 3263 570 3328 isuolentia.
601 3262 675 3326 ΙΝιιιι
696 3253 810 3346 χρόνος
831 3251 915 3345 ἥβης
933 3254 1053 3342 μέτρον
1073 3257 1171 3340 ἔχων,
1191 3264 1308 3328 etiamsi
1329 3263 1397 3347 quis

227 3371 303 3435 lorte
320 3369 399 3433 baud
412 3365 606 3432 absurdedioi
619 3365 750 3450 potuisse
761 3363 907 3440 delemlat,
924 3365 970 3430 ris
983 3375 1109 3430 tantona
1121 3385 1271 3451 quoquam
1285 3366 1398 3431 dictum

228 3497 292 3539 esse
304 3472 444 3538 arbitror.
465 3469 678 3536 lltrelmotasit
690 3467 1045 3554 ipsollermunuusistam
1057 3471 1256 3537 sortienturam
1269 3470 1299 3536 iu
1312 3489 1398 3555 prse-

228 3579 339 3642 latioue
354 3598 384 3661 p.
402 3575 451 3648 lb,
466 3573 517 3638 sed
532 3575 619 3638 slism
635 3573 728 3638 nibilo
742 3571 969 3656 probabiliorem
981 3584 1170 3640 commentus
1182 3585 1237 3650 est,
1251 3569 1306 3639 noi
1316 3565 1395 3640 τοτ’·

227 3678 284 3745 τὸν
307 3675 400 3767 ἥβης,
422 3669 531 3762 eiuro,
554 3665 639 3756 εἶχεν
661 3665 702 3740 έν
722 3671 850 3762 μέτρον,
872 3697 961 3759 quom
976 3677 1107 3761 quidem,
1123 3679 1191 3743 lieet
1204 3679 1313 3762 aliquid
1328 3697 1398 3762 per·

229 3783 372 3851 versitatis
387 3781 495 3847 babere
511 3780 603 3846 rideri
618 3781 776 3854 nouoedut,
792 3781 933 3863 quoniam
950 3782 1067 3866 proprie
1082 3783 1303 3865 intelligendum
1319 3793 1398 3846 esset

230 3881 327 3972 αἴπερ
349 3875 417 3968 τέχι
437 3875 558 3950 ταύτόν
580 3875 664 3971 ἥβης
683 3877 818 3970 μέτρον,
839 3883 883 3948 sio
902 3895 1001 3950 tamen
1022 3885 1182 3951 defendere
1201 3897 1341 3961 conatur,
1363 3896 1397 3950 ut

229 3992 319 4068 dicat,
336 3992 488 4077 pmpn'um
503 3989 532 4054 id
549 3988 659 4054 babere
672 3987 803 4072 ellipsin,
818 3995 853 4051 ut
866 4007 964 4072 saepo,
979 3989 1057 4070 quod
1073 3989 1218 4053 omissum
1234 3989 1282 4064 sit,
1298 3989 1397 4053 minus

201 4081 203 4084 ’
231 4095 371 4178 ιτηιίοιιο
384 4095 543 4176 οοςίιαιιιτ,
563 4111 598 4157 ιο
612 4091 737 4176 proinde
751 4091 842 4156 etiam
856 4089 886 4155 in
903 4091 973 4168 ists,
988 4111 1078 4176 quam
1095 4093 1259 4176 proposuit,
1275 4093 1397 4157 eonion·

232 4197 360 4262 natione
372 4195 513 4262 orationis
523 4203 603 4262 reete
615 4193 696 4270 illud,
708 4193 788 4279 quod
800 4207 888 4280 eaput
899 4195 942 4262 rei
952 4193 1001 4272 sit,
1013 4196 1133 4280 intelligi
1145 4213 1249 4280 posse:
1264 4195 1295 4260 si
1310 4211 1397 4280 por·

233 4299 395 4366 venisset
414 4299 477 4365 illo
497 4301 538 4364 sd
559 4299 625 4365 boo
643 4298 789 4364 aetatis.
823 4297 937 4384 Nempe
957 4299 1028 4375 boe,
1050 4300 1174 4384 opinor,
1202 4299 1333 4372 rolobst,
1359 4297 1396 4362 ad

234 4443 341 4456 ...ι-...ιι
349 4445 432 4456 ..η-Ι

300 4519 321 4580 'i
337 4519 487 4574 dsustltar
497 4519 619 4576 unslet·
631 4521 729 4578 Nssek.
741 4521 832 4591 llsrlp.
845 4523 920 4578 ssu.
933 4524 944 4578 l
959 4539 984 4593 p.
997 4523 1076 4578 22.st
1087 4521 1116 4591 ΙΙ,
1130 4523 1189 4578 tsa
