3166 4962
771 460 882 557 eram

225 663 284 726 tur.
309 671 361 716 ecs
381 653 559 735 plerumque
579 650 667 734 deligi
681 649 849 725 rideamus,
874 668 935 714 non
950 651 1002 733 qui
1018 659 1140 736 propter
1153 651 1344 734 prudentiam
1362 655 1394 716 el

224 755 401 841 probitatem
422 753 587 836 dignissimi
601 753 678 826 sint,
698 755 751 818 sed
767 754 817 836 qui
832 761 885 816 aut
900 771 917 816 a
932 751 1163 817 vociferantibus
1178 755 1349 837 demagogis
1363 763 1394 819 et

103 915 107 920 .
223 877 397 944 progressus
420 858 615 942 praeconibus
634 856 852 931 commendati,
875 864 927 920 aut
948 855 1002 938 ipsi
1023 855 1150 920 maxime
1171 857 1206 920 ad
1228 857 1394 938 implendas

224 962 430 1043 imperitorum
451 979 537 1024 aures
558 961 655 1024 verbis
676 959 840 1024 ambitiosis
861 969 891 1022 ct
905 977 1045 1041 magnum
1061 959 1202 1041 quiddam
1217 959 1393 1024 sonantibus

223 1065 355 1147 prompti
375 1064 528 1146 paratique
550 1073 631 1128 suet
662 1064 724 1128 llec
738 1065 846 1128 desunt
860 1061 890 1125 in
905 1061 952 1140 bis
967 1061 1117 1144 popularis
1131 1081 1220 1125 aurae
1235 1061 1394 1144 captatori·
1470 1097 1473 1103 ·

223 1165 281 1230 bus
301 1176 331 1230 et
351 1167 558 1251 sulimgiorum
580 1167 785 1238 aenatoribus,
806 1183 935 1248 quorum
955 1164 1088 1228 studium
1109 1166 1198 1228 etiam
1215 1165 1309 1230 lucelli
1325 1185 1394 1248 spes

225 1269 377 1355 proposita
402 1273 552 1336 accendat.
584 1270 658 1335 Nam
685 1269 859 1336 mercenarii
885 1269 959 1333 irunt
984 1255 1026 1332 rei
1048 1268 1180 1352 publicae
1195 1269 1393 1344 consultores,

225 1375 478 1460 quemadmodum
499 1375 569 1439 olim
591 1375 668 1458 apud
684 1375 894 1448 Athenienses,
915 1393 975 1456 quo
997 1373 1097 1456 plures
1120 1371 1267 1436 inferioris
1283 1373 1394 1438 ordinis
1531 1443 1534 1450 ,

223 1477 363 1543 homines
378 1498 442 1542 rem
458 1479 606 1562 publicam
622 1481 652 1542 in
667 1479 796 1544 comitiis
812 1488 960 1552 curarent,
976 1478 1066 1541 trium
1082 1477 1240 1541 obolorum
1258 1477 1394 1541 mercede
1435 1466 1438 1476 ¹

224 1581 436 1657 alliciebantur.
452 1601 541 1664 quam
556 1601 619 1646 rem
636 1601 698 1646 uon
714 1583 862 1646 immerito
878 1583 931 1645 riri
945 1580 1155 1664 sapientissimi
1170 1600 1291 1645 causam
1302 1581 1393 1646 luisse

227 1686 355 1750 iudicant
369 1687 620 1768 gravissimorum,
635 1687 744 1769 quibus
759 1707 828 1750 mos
843 1686 1021 1768 respublica
1037 1685 1144 1748 aillieta
1159 1693 1215 1760 est,
1233 1686 1391 1749 malorum.

224 1789 311 1873 apuu
336 1807 391 1852 noa
418 1789 537 1871 quidem
560 1809 635 1873 quae
655 1793 817 1854 necessitas
836 1789 927 1853 luerit
946 1789 1090 1853 mercedis
1111 1787 1189 1851 illius
1210 1789 1393 1853 inducendae

92 1949 103 1964 ,
229 1909 369 1974 quaerere
395 1893 478 1966 uolet
505 1893 739 1968 minorantem,
766 1892 816 1976 qui
842 1893 919 1956 banc
944 1891 1143 1954 mercedulam
1165 1891 1278 1954 Atticae
1299 1891 1392 1972 plebis

226 1995 362 2076 exemplo
377 2003 439 2058 tam
454 1995 536 2058 aride
551 2005 681 2079 ereptant,
697 2015 757 2060 non
773 1997 861 2060 etiam
874 1997 967 2078 legem
980 1995 1097 2058 atticam
1111 1994 1166 2056 sibi
1179 1995 1392 2057 observandam

225 2106 342 2180 putare.
362 2117 438 2180 quae
459 2099 574 2162 vetabat
591 2094 636 2183 μὴ
661 2091 801 2178 διχόθεν
821 2099 1049 2184 μισθοφορεῖν
1071 2099 1143 2160 b.e.
1160 2097 1278 2179 nequis
1295 2097 1393 2179 dupli·

226 2200 301 2264 citer
323 2201 492 2264 mercedem
513 2203 700 2282 caperem).
731 2201 804 2264 Nam
828 2202 938 2264 multos
954 2219 1034 2264 nunc
1048 2200 1131 2262 video
1147 2201 1223 2263 banc
1237 2201 1393 2282 duplicita-

226 2307 288 2366 tem
312 2307 464 2384 tamquam
485 2303 548 2365 iure
568 2303 623 2366 sibi
638 2303 766 2366 debitam
784 2303 983 2386 postulantes:
1004 2303 1054 2384 qui
1070 2303 1201 2384 quidem,
1217 2321 1310 2384 quum
1327 2321 1393 2365 eer-

225 2413 291 2468 tum
306 2403 424 2485 aliquod
440 2423 550 2468 munus
565 2405 601 2467 ab
617 2405 662 2478 iis,
679 2405 729 2486 qui
743 2405 786 2469 rei
803 2405 934 2488 publicae
949 2415 1099 2488 praesunt,
1115 2413 1201 2486 pacto
1216 2404 1322 2468 salario
1338 2397 1393 2468 siti

226 2507 398 2572 mandatum
414 2508 588 2590 acceperint,
605 2507 654 2571 ubi
671 2509 806 2591 contigit,
827 2518 862 2572 ut
875 2508 966 2571 etiam
982 2507 1018 2571 ad
1034 2507 1193 2570 concilium
1210 2508 1279 2572 illud
1296 2527 1393 2594 popu·

225 2611 296 2686 lare,
312 2611 391 2692 quod
407 2610 443 2674 de
458 2629 623 2675 summare
639 2611 753 2696 publiea
769 2611 925 2687 consultat,
947 2611 1145 2675 multitudinis
1160 2612 1298 2694 suffragio
1313 2611 1393 2676 dele·

225 2723 342 2800 genter,
361 2731 423 2778 uou
442 2715 539 2778 solum
556 2715 644 2780 buius
659 2717 871 2802 qualiscunque
886 2716 1046 2782 functionis
1062 2717 1228 2780 mercedem
1244 2715 1391 2787 diurnam.

228 2819 280 2885 aed
307 2817 383 2883 illins
409 2838 528 2902 quoque
548 2819 697 2892 muneris.
724 2821 804 2902 quod
825 2820 970 2904 tantisper
989 2820 1052 2884 aliis
1072 2819 1186 2904 imponi
1202 2838 1322 2884 neeesse
1338 2826 1393 2884 eso

227 2923 365 2988 salarium
382 2933 483 2987 tamen
498 2943 536 2987 ne
551 2945 587 2989 ex
603 2931 685 3007 parte
701 2924 821 3008 quidem
837 2925 951 2990 vicariis
965 2925 1037 2998 suis,
1053 2925 1104 2988 sed
1117 2924 1264 3007 integrum
1275 2925 1395 2990 sibimet

228 3026 329 3092 deberi
351 3027 546 3092 contendunt.
576 3027 677 3104 Quid?
702 3029 782 3111 quod
802 3029 890 3093 iidem
912 3047 973 3092 nou
989 3027 1092 3092 deesse
1106 3047 1138 3090 sc
1153 3029 1251 3093 ollicio
1266 3048 1321 3092 suo
1336 3047 1393 3112 pu·

182 3137 184 3144 '
229 3137 305 3206 tant,
330 3131 357 3196 si
382 3141 495 3194 statum
517 3132 559 3196 rei
582 3133 730 3216 publicae,
757 3151 846 3215 quem
867 3131 1011 3195 tuendum
1027 3131 1324 3214 conservandumque
1340 3151 1394 3214 pro

228 3234 303 3298 virili
324 3242 408 3318 parte
427 3252 483 3296 suo
504 3235 630 3318 quisque
645 3235 710 3300 loeo
726 3244 919 3317 aeceperunt,
940 3236 1020 3298 hunc
1034 3235 1122 3297 simul
1138 3243 1228 3317 atque
1243 3243 1394 3317 tenrpora-

228 3337 303 3402 mam
318 3338 405 3401 bum
420 3335 594 3417 legationem
610 3346 640 3400 et
655 3337 792 3401 ordinarii
809 3339 941 3402 muneris
952 3338 1135 3402 vacationem
1151 3337 1318 3412 ductisunt,
1335 3355 1396 3402 non

230 3439 358 3523 amplius
383 3456 574 3514 conservare,
600 3441 651 3503 sed
676 3450 834 3504 concutere
860 3441 960 3524 potius
986 3441 1068 3503 omni
1089 3441 1179 3504 modo
1202 3449 1233 3503 et
1253 3447 1396 3516 evertere,

230 3531 341 3624 eosque
355 3541 446 3624 ipsos,
462 3560 590 3624 quorum
605 3543 755 3608 adiutores
769 3563 834 3608 esse
850 3543 1001 3618 deberent,
1016 3545 1190 3626 impugnare
1205 3552 1235 3606 et
1248 3545 1315 3608 loco
1329 3563 1397 3608 mo-

232 3664 301 3708 rere
328 3651 484 3708 conantur.
513 3649 610 3729 Atque
630 3647 708 3712 baud
731 3648 793 3712 scio
814 3665 852 3712 an
872 3647 932 3711 sint
946 3647 1046 3722 etiam,
1060 3667 1136 3732 quos
1151 3665 1212 3712 nou
1228 3655 1288 3710 tam
1304 3665 1397 3710 nova·

230 3767 299 3812 rum
320 3765 421 3810 rerum
441 3748 586 3830 cupiditas
601 3769 636 3815 ac
650 3771 719 3834 spes
733 3751 901 3826 crescendi,
924 3770 1014 3834 quam
1030 3751 1155 3834 pravitas
1170 3751 1313 3832 quaedam
1330 3769 1397 3814 mc

232 3869 300 3916 mm
326 3857 357 3913 et
381 3837 569 3934 impunitatis
588 3853 694 3918 fiducia
714 3853 855 3938 impellat.
890 3854 1006 3938 Quippe
1025 3855 1083 3919 boc
1103 3855 1181 3920 iuvat
1200 3861 1230 3917 et
1249 3854 1327 3917 melli
1342 3861 1396 3929 est,

197 3989 200 3998 .
233 3953 341 4038 quibus
355 3952 426 4017 alias
440 3973 504 4017 sese
519 3955 670 4022 subiectos
684 3957 831 4034 videmut,
847 3957 892 4023 bis
907 3975 988 4024 nunc
1002 3959 1086 4042 quasi
1097 3959 1128 4022 iu
1140 3958 1274 4023 ordinem
1288 3957 1397 4022 coactis

232 4075 362 4140 suaeque
376 4072 518 4120 censurae
532 4057 668 4124 obnoxiis
682 4061 804 4144 impune
816 4061 959 4126 insultare
969 4081 1073 4145 posse:
1089 4062 1167 4144 quod
1180 4079 1273 4144 quum
1285 4061 1399 4126 laedunt

234 4175 295 4224 uon
320 4159 377 4252 sibi
402 4167 518 4222 tautum
544 4161 666 4248 mtptoe
686 4167 817 4246 placent,
843 4163 895 4229 sed
910 4165 1033 4229 eximiae
1048 4165 1200 4229 cuiusdam
1215 4163 1398 4228 fortitudinis

236 4261 385 4348 mimique
399 4279 467 4329 aare
481 4262 607 4330 liberalis
624 4285 659 4334 ac
672 4267 823 4352 popularis
838 4268 955 4334 laudem
969 4271 1072 4335 lerunt
1084 4269 1162 4355 apud
1179 4267 1329 4356 popellum
1344 4267 1397 4332 de·

304 4485 347 4556 li)
363 4483 492 4543 Damam
505 4487 531 4544 ia
543 4487 657 4545 utum.
670 4507 694 4564 p.
707 4491 767 4562 7³9,
779 4495 804 4548 d.
