3186 4968
714 463 862 562 Q

198 657 335 739 ignorato
354 651 583 738 bauthurquam
605 662 736 738 opparet.
767 653 800 717 ln
815 653 1060 736 (lboepbororum
1076 661 1175 717 autem
1193 671 1278 718 remu
1293 653 1366 726 ltu.
1390 713 1392 718 .

197 760 252 824 ubi
272 757 389 824 nodioea
408 757 520 822 babent
533 753 596 836 τός
610 753 648 824 te*
662 749 847 833 νωνόσσους
861 765 913 822 aut
927 751 988 832 τὰς
1003 749 1041 820 te·
1054 751 1129 834 νῶν,
1151 751 1285 836 νόσους,
1307 773 1367 822 οοσ

197 873 282 928 nerle
301 862 382 946 quod
404 863 452 926 ille
474 861 567 927 roluit
585 857 647 939 τὰς
667 852 701 926 l’
717 853 817 925 nimia
832 854 949 938 νόσους
963 859 1152 926 scribentum
1168 872 1226 940 eat,
1246 861 1299 926 red
1313 863 1368 926 alin
1409 945 1412 948 ,

197 966 369 1030 emendatio
389 965 662 1050 circumspiciendo.
692 964 762 1029 blibi
782 966 813 1029 in
836 974 967 1030 mentem
988 965 1068 1030 veuit
1083 956 1237 1029 ἀσθενῶν
1251 959 1370 1042 νόσους

198 1065 348 1154 repotia:
375 1069 428 1134 aeti
454 1070 483 1134 id
507 1087 628 1153 quoque
649 1086 710 1132 nou
730 1069 802 1132 tatio
824 1069 928 1152 pltoet.
964 1067 999 1132 lu
1019 1069 1248 1150 Agamemnonio
1267 1077 1368 1133 nutem

198 1192 229 1236 v.
247 1170 289 1236 tlt
309 1181 398 1237 teneo
418 1189 508 1256 quarn
529 1172 643 1236 dudum
659 1171 801 1256 propoaui
815 1169 1007 1245 sententiam.
1027 1170 1216 1246 roribendum
1231 1190 1298 1236 eaeo
1313 1167 1370 1236 not
1454 1211 1457 1216 -

202 1269 313 1356 Θέμις
326 1265 421 1350 niori,
436 1275 465 1337 lu
480 1295 507 1340 e.
523 1273 619 1358 quoi
634 1273 701 1338 Fae
716 1274 899 1358 approbet
911 1273 973 1338 ooli.
989 1283 1019 1338 te
1034 1273 1140 1350 dinero,
1156 1273 1187 1338 b.
1201 1293 1229 1339 e.
1245 1275 1324 1358 quoi
1339 1285 1370 1340 te

200 1375 302 1442 (linere
320 1377 366 1442 lea
386 1387 442 1442 eet
472 1376 567 1442 Nemo
588 1387 720 1441 vetorum
741 1385 897 1461 pootrrum
918 1377 1010 1461 probe
1030 1393 1139 1460 puaruo
1158 1377 1202 1444 aio
1220 1379 1373 1444 Themidio

201 1498 363 1564 perronam
379 1481 477 1546 induri
492 1479 658 1557 mirabitur.
673 1497 734 1545 uon
749 1481 842 1564 megia
856 1499 947 1565 quam
962 1481 1051 1546 Eum.
1065 1499 1092 1544 ε.
1108 1481 1186 1546 tut:

393 1615 500 1702 λέγειν
521 1611 554 1702 γ’
576 1611 736 1706 inopom
757 1611 839 1685 όνεσ
859 1616 936 1697 νοός
959 1615 1065 1696 πόλος
1087 1617 1195 1697 κακῶς

393 1719 512 1808 πρόσω
534 1717 687 1798 taxatur.
710 1714 763 1807 ἠδ’
787 1709 975 1789 όεεοσεσοεῖ
1000 1718 1113 1806 Θέμις.

204 1863 269 1928 ileo
289 1861 417 1928 abrurde
437 1879 533 1944 nuper
553 1861 693 1927 bebraiua
713 1861 744 1925 in
765 1862 868 1926 bonel.
889 1863 991 1946 philol.
1013 1863 1142 1927 lxxxv
1157 1883 1186 1946 p.
1203 1863 1266 1928 3111
1286 1864 1374 1928 etiam
1439 1917 1441 1922 .

205 1966 286 2048 apud
306 1965 503 2048 Sophoclem.
525 1965 623 2047 Antip.
638 1985 665 2029 ε.
680 1969 737 2038 tlt.
758 1958 865 2046 διθρό
888 1961 927 2030 tt
946 1963 995 2050 τῷ
1017 1961 1159 2030 θανόντι
1183 1961 1376 2050 προσκείσει

208 2061 300 2154 Airp
315 2068 504 2134 acribendum
520 2069 672 2142 iudiorait.
695 2087 852 2154 pomonam
869 2069 981 2134 ultricia
997 2069 1127 2133 luatitioe
1142 2070 1314 2154 intelligent.
1329 2070 1377 2135 oui

210 2172 328 2238 lomene
349 2172 476 2236 obnoxia
498 2173 598 2237 lutura
618 2173 666 2238 rit
697 2173 738 2237 ile
758 2171 987 2256 Agamemnonis
1007 2174 1073 2237 loeo
1093 2173 1215 2238 Weilius
1233 2175 1378 2240 bartenua

209 2275 332 2357 quidem
354 2275 426 2338 mibi
446 2275 622 2348 mentitur.
644 2287 677 2340 ut
697 2268 800 2339 oiveir
820 2285 942 2358 propter
961 2277 1205 2358 aipnilimtionem
1226 2277 1295 2342 ierri
1316 2297 1377 2342 non
1496 2353 1499 2362 ¹

209 2395 298 2457 poaae
313 2385 467 2457 agnoscam
481 2377 695 2459 approbantem
707 2385 807 2441 autom
819 2377 994 2442 'lbemidem
1007 2378 1164 2460 improbat.
1180 2377 1306 2461 ideoque
1318 2398 1378 2444 uon

210 2493 330 2540 mecum
352 2469 452 2550 olari.
472 2479 524 2543 red
545 2470 624 2561 ἡμῖν
643 2478 776 2562 arripnit.
799 2479 878 2562 quoti
894 2495 1061 2563 pronomen
1075 2478 1100 2542 oi
1116 2495 1185 2542 oum
1201 2472 1314 2558 iiffoo’
1328 2489 1380 2544 tut

210 2573 321 2654 λόξοες
334 2579 468 2642 eonatnti
483 2580 583 2652 voluit.
599 2579 628 2644 itl
644 2589 767 2666 propter
780 2580 1002 2645 collocationem
1019 2579 1065 2644 vir
1080 2580 1199 2663 probari
1211 2590 1318 2667 poteat.
1333 2583 1380 2646 ain

210 2696 281 2742 eum
297 2673 410 2758 θόοις,
426 2680 484 2746 boc
498 2682 645 2747 abaonum
661 2703 727 2748 eene
741 2691 872 2765 apparet.

298 2799 339 2863 lle
359 2801 424 2866 loro
443 2803 578 2868 omnium
599 2803 802 2876 vexatissimo.
824 2821 850 2865 ε.
872 2803 944 2874 too.
967 2803 1100 2868 nondum
1116 2819 1297 2889 quempiam
1313 2804 1379 2876 vidi.

212 2907 264 2990 qni
284 2905 356 2988 quid
381 2913 458 2969 earet
479 2899 651 2991 σόμφυεος
671 2898 755 2971 aloto
774 2915 806 2970 et
825 2923 884 2990 quo
904 2905 1018 2970 ratione
1034 2907 1058 2969 ir
1075 2898 1158 2970 oiuir
1172 2915 1224 2972 aut
1239 2907 1382 2991 inspirare

213 3001 317 3072 εἷλκόν
330 3017 381 3074 aut
397 3009 458 3093 ipre
473 2997 562 3095 όλεᾷ
575 3001 747 3096 σόμφυεος
760 3029 825 3074 ease
839 3009 1000 3081 diceretur.
1021 3010 1226 3074 temonatrare
1241 3010 1381 3096 probobi-

213 3113 282 3177 liter
300 3111 439 3199 potuerit.
470 3110 545 3178 Nom
567 3113 736 3196 quicunque
759 3113 838 3177 buno
858 3113 956 3178 lorum
979 3120 1028 3176 aut
1050 3113 1107 3184 sir.
1128 3113 1211 3176 utin
1232 3111 1382 3178 codicibua

213 3217 343 3300 ecriptur
357 3225 419 3288 eat.
443 3225 494 3281 rut
510 3215 612 3281 leviter
626 3225 790 3289 mutatum.
809 3214 861 3279 aei
876 3215 920 3279 rio
933 3227 966 3279 ut
982 3205 1064 3278 οἷόν
1079 3215 1271 3286 retineretur.
1287 3215 1383 3281 inter·

216 3319 326 3403 pretari
341 3317 439 3384 oonrti
454 3331 539 3395 runt.
561 3319 745 3384 incredibilea
759 3317 903 3404 quiedam
919 3317 1075 3384 verborum
1091 3319 1318 3402 significationes
1332 3330 1384 3386 out

216 3441 384 3508 pervortam
403 3423 582 3488 aententiam
599 3421 742 3508 tocbyto
763 3423 937 3502 obtrudere,
958 3441 1048 3508 quam
1063 3420 1188 3488 libroriia
1203 3423 1383 3490 erroremin

217 3525 307 3592 verbo
331 3517 417 3590 οἷόν
435 3544 490 3613 pro
510 3517 620 3591 olom
643 3531 653 3594 1
663 3515 775 3615 ᾅδειν)
797 3526 908 3614 scripto
927 3527 1075 3611 imputatne
1094 3527 1273 3593 maluerunt.
1309 3528 1384 3593 Nolo

217 3647 297 3694 nuno
310 3638 444 3718 repetere
459 3649 535 3713 quoe
551 3630 580 3694 in
597 3629 752 3718 Opuooulir
766 3629 805 3694 lll
821 3650 850 3714 p.
872 3632 925 3694 1111
935 3650 1002 3715 aqq.
1018 3631 1175 3718 propooui3
1195 3632 1253 3696 boo
1266 3639 1383 3697 tontum

217 3733 294 3810 dieo,
309 3734 335 3798 ui
350 3750 412 3798 non
426 3751 504 3808 vera.
520 3741 600 3799 rerte
614 3733 765 3818 aliquanto
780 3731 895 3798 uaniora
910 3753 986 3810 eote,
1001 3751 1092 3819 quant
1104 3719 1179 3818 quoe
1190 3735 1227 3799 ab
1238 3733 1302 3799 aliie
1312 3751 1384 3821 pro·

217 3845 276 3919 tata
289 3847 370 3904 aunt.
388 3871 426 3886 -
440 3837 473 3901 l.
493 3835 553 3902 183
569 3837 598 3904 in
615 3835 765 3903 codicibua
779 3836 885 3922 legitur
897 3831 1017 3920 μόνοιν
1032 3829 1146 3904 οόεενσ
1162 3831 1283 3923 ψόγων,
1298 3855 1388 3922 quum

219 3941 375 4008 lectionem
397 3941 639 4008 setmiuowinm
666 3940 775 4006 lruotrr
796 3941 874 4006 tueri
895 3951 1021 4008 conatur
1041 3952 1088 4008 ert
1108 3951 1277 4032 oomporata
1300 3940 1389 4006 latino

220 4053 367 4112 atrurtma
379 4045 566 4134 pronominis
577 4043 702 4130 negativi
715 4063 837 4130 promus
849 4045 955 4111 divorsi
966 4047 1091 4132 peueria.
1115 4045 1390 4114 scribendorum

220 4141 338 4228 μόνεεν
359 4141 419 4214 σόει
441 4140 522 4214 tuto
544 4142 674 4234 ψέγειν,
702 4148 783 4233 quoi
810 4149 881 4214 mibi
906 4149 1019 4216 dudum
1046 4151 1077 4215 in
1102 4161 1234 4217 mentem
1260 4155 1390 4223 venerat.

222 4249 313 4316 etiam
329 4251 457 4318 lacobua
472 4251 587 4336 llaehlp
601 4251 830 4326 commendarit.
845 4253 949 4318 bonel.
965 4253 1036 4340 pbil.
1053 4253 1126 4320 XCV
1141 4275 1171 4340 p.
1186 4255 1260 4321 132.

309 4365 404 4434 Etiam
424 4367 456 4434 in
475 4385 562 4436 rerau
580 4367 640 4435 ttt
666 4386 770 4438 roreor
788 4386 825 4435 οε
841 4369 1027 4437 libnriontm
1041 4372 1205 4439 reverentia
1219 4371 1392 4461 interpreti·

225 4469 281 4536 bue
302 4469 398 4538 mou
411 4471 509 4540 morit.
537 4470 628 4542 mort
642 4473 730 4542 verba
744 4471 782 4541 to
795 4471 946 4542 immolat·
961 4472 1110 4562 tpbipenir
1125 4476 1168 4544 oin
1182 4474 1291 4565 erripta
1305 4483 1391 4542 aout:
