3186 4968
656 479 663 488 .
692 389 745 486 ,3⁵

142 581 178 641 oto
189 579 252 642 aliia
263 595 354 662 qttam
375 587 561 660 mnetpomm
581 575 757 659 imaginibus
779 577 914 658 cogitari,
935 595 1028 660 qurum
1055 593 1093 638 oo
1112 575 1170 640 hoc
1189 575 1310 658 atridem

141 683 213 746 ratio
228 689 353 756 constet,
370 681 462 745 iuiaae
477 679 601 742 omnino
618 678 746 762 iioipitiri
761 680 864 762 tempii
880 689 1013 762 metopae
1035 679 1092 742 hoc
1109 697 1215 761 genere
1237 679 1312 741 ima·
1385 667 1394 682 ’

142 788 243 869 gioom
259 795 388 849 ornatae.
415 783 490 846 Nam
508 782 665 846 Pausanias
681 783 717 845 do
731 781 853 863 fastigiis
868 791 983 846 tantum
1000 783 1088 844 mirrt
1102 830 1110 853 ,
1126 791 1311 865 metoparum
1350 767 1352 770 ⁵

143 891 252 953 nuliam
270 889 452 952 mentionem
468 886 544 948 iacit.
577 885 620 947 iio
635 894 734 948 autom
751 905 811 968 quo
827 885 926 948 minua
937 887 974 948 tio
985 885 1112 968 motopta
1123 885 1311 966 cogitantium

143 1003 244 1076 putom
260 993 348 1056 etiam
364 991 438 1053 haec
451 988 534 1052 chori
549 989 636 1052 rerba
652 989 861 1064 «inchoaretur,
887 1007 963 1072 quae
981 999 1050 1052 aunt
1067 1007 1092 1048 r.
1109 987 1181 1060 2⁰9,
1203 984 1312 1072 πάντᾳ

143 1115 195 1162 rot
219 1089 389 1183 βλέφαρον
411 1087 533 1156 διώκω.
561 1093 681 1156 Nomio
703 1111 833 1156 omnen
854 1101 980 1176 partos
999 1091 1131 1156 ocuioa
1152 1107 1312 1154 eonver-

145 1211 226 1264 terr
241 1200 266 1264 ia
280 1201 402 1262 domum
419 1205 499 1260 roctr
513 1195 569 1258 tiiri
583 1215 669 1278 ponar
683 1197 813 1268 vitietur.
829 1197 879 1280 qui
901 1215 949 1260 ret
969 1195 1090 1259 tiitorair
1112 1193 1182 1256 ionia
1202 1193 1311 1276 poeitae

145 1303 305 1368 intuituruo
319 1303 422 1365 ocuioa
437 1300 528 1364 motio
545 1300 575 1363 in
591 1299 665 1362 hatte
677 1300 767 1364 motio
783 1301 812 1364 in
827 1301 913 1364 aliam
936 1307 1047 1380 partem
1065 1298 1190 1380 dirigeto
1209 1297 1311 1370 debete

145 1417 331 1491 metoparum
353 1415 451 1470 autem
474 1404 616 1488 imaginat
636 1423 693 1468 una
714 1405 789 1468 aetia
810 1405 919 1488 poeitae
940 1405 1190 1486 contemplantem
1211 1403 1311 1466 ocuioa

143 1531 263 1596 quoquo
279 1513 308 1576 itt
324 1511 448 1576 eaodem
465 1509 615 1594 regionem
633 1509 795 1582 introiero,
812 1526 872 1570 noo
889 1507 1058 1572 indicertur
1073 1511 1308 1592 partrarircom·

142 1617 219 1680 iorre
236 1636 355 1680 notasse
366 1623 421 1677 est.
450 1613 509 1676 iam
525 1631 595 1676 roro
607 1611 632 1677 ai
647 1611 713 1695 quia
735 1632 783 1676 oro
803 1613 1006 1674 demonstrare
1026 1613 1169 1694 poetuiot,
1188 1615 1308 1680 utinam

143 1720 284 1802 imaginor
300 1719 364 1781 iliae
379 1717 499 1786 fuerint,
515 1717 581 1798 priua
596 1717 733 1799 potueriat.
753 1733 842 1798 quam
865 1715 895 1778 in
914 1715 1083 1778 huiuamodi
1101 1733 1133 1778 re
1153 1727 1183 1778 et
1204 1717 1234 1780 in
1257 1720 1310 1780 itae

141 1824 323 1886 scenicarum
339 1819 546 1902 antiquitatum
562 1818 741 1880 ohrroritato
756 1827 783 1880 ot
800 1817 1005 1880 incertitudine
1019 1818 1161 1900 prenotari
1171 1830 1220 1883 aut
1236 1839 1312 1884 ame

142 1937 193 1988 aut
208 1946 224 1988 a
240 1943 392 2008 quoquam
409 1932 517 2005 potest.
544 1921 600 1983 set
616 1921 640 1983 ai
657 1920 793 1984 harioioti
808 1921 905 1990 libeat,
920 1920 956 1982 ad
974 1922 1104 2001 portic-ua
1119 1923 1245 1986 tortasse
1259 1923 1311 1986 aii·

143 2029 210 2112 quio
224 2027 383 2110 confugiat,
397 2027 519 2088 aiteram
541 2023 570 2086 in
591 2023 712 2098 «iextra,
732 2023 854 2084 aiteram
876 2023 905 2084 io
927 2023 1044 2086 sinistra
1064 2025 1210 2105 proaceoii
1230 2035 1313 2106 parte

142 2139 401 2213 repraesentatam,
418 2127 519 2210 quaiea
534 2135 636 2190 utrum
652 2143 684 2187 re
701 2143 766 2187 trra
782 2143 875 2207 propr
891 2123 1061 2205 ttotptrtcum
1083 2127 1226 2208 tempium
1250 2127 1313 2191 iur-

143 2235 201 2298 riot
216 2253 254 2297 att
270 2254 285 2296 a
301 2243 387 2316 poeta
403 2241 518 2294 tantum
532 2229 571 2292 ibi
582 2228 740 2292 coiiocatao
751 2227 821 2290 tint.
837 2245 1086 2309 ¹*operatoanoum
1099 2239 1146 2291 eat
1158 2249 1314 2312 quaerere:

143 2337 199 2400 oiri
214 2337 280 2418 quio
295 2337 372 2398 torto
388 2333 503 2398 iieuirso
519 2331 615 2414 portia
632 2341 732 2413 neget,
752 2347 845 2412 quum
868 2349 915 2392 roo
936 2330 1084 2396 iabuioaas
1105 2346 1314 2416 proponere-ot,

144 2439 276 2503 iocorum
289 2457 409 2522 quoquc
424 2437 540 2510 tacto,
553 2455 618 2500 eam
635 2443 714 2498 certe
730 2453 819 2518 qoam
851 2451 911 2497 non
931 2435 1056 2498 candem
1077 2435 1159 2500 omni
1180 2449 1313 2522 tempore

103 2627 106 2634 ¹
142 2544 233 2607 initae
249 2551 406 2616 constanti,
422 2541 458 2606 ati
471 2540 584 2612 iaituiae
594 2539 737 2622 cuiusque
747 2550 956 2622 argumentum
966 2549 995 2602 et
1008 2539 1163 2602 consilium
1175 2562 1313 2606 accomo-

143 2649 221 2711 «toro.
252 2649 389 2711 Ceterum
404 2646 435 2710 io
456 2645 510 2710 itac
532 2644 610 2708 ionia
633 2643 730 2708 iabuia
750 2663 815 2707 eam
837 2643 956 2724 quidem
979 2641 1034 2706 ioci
1055 2645 1200 2728 apt-riom,
1223 2666 1312 2729 qnam

143 2751 204 2836 ipra
221 2761 335 2827 tratura,
352 2767 412 2813 non
428 2749 583 2812 hominum
599 2765 705 2810 martur
719 2749 887 2821 effecerant,
904 2747 991 2810 etiam
1010 2748 1040 2810 io
1060 2767 1147 2811 arona
1168 2759 1313 2832 quantum

142 2857 203 2919 iteri
220 2855 348 2938 potuerit
361 2861 612 2937 repraesentatam
624 2870 690 2914 rese
704 2869 763 2914 noo
776 2851 894 2914 dubim:
912 2851 962 2914 neti
975 2852 1044 2916 ittott
1057 2865 1232 2935 quantum
1248 2876 1312 2938 po-

141 2959 254 3023 tuerit
281 2959 315 3022 iia
328 2957 528 3020 deliniendum
544 2955 688 3037 relinquo.
706 2955 757 3038 qui
773 2955 802 3017 io
818 2955 876 3018 hoc
890 2973 990 3018 rorum
1010 2975 1117 3038 genere
1136 2957 1203 3040 pius
1223 2978 1312 3041 quant

139 3063 207 3126 ariri
222 3085 237 3126 a
255 3063 339 3126 nobis
355 3069 462 3144 proterat,
477 3079 542 3124 aeae
557 3059 742 3123 temonariro
754 3058 920 3142 opinantur.
945 3059 1004 3140 Ego
1016 3061 1136 3143 quidem
1148 3081 1182 3126 ca
1198 3073 1312 3126 tautum

140 3185 316 3250 proponam,
330 3185 406 3249 quae
422 3165 529 3248 parum
545 3183 581 3226 ex
598 3171 667 3225 nota
683 3163 789 3225 theatri
804 3173 953 3226 structura
969 3163 1077 3246 partim
1098 3185 1132 3228 ex
1153 3167 1267 3250 aliquot
1283 3167 1313 3228 in

142 3273 195 3334 irae
211 3273 307 3335 trtuota
323 3270 435 3333 iotiiriia
450 3269 521 3332 aatia
537 3277 618 3332 certer
633 3267 727 3349 ooiiigi
750 3286 837 3349 pocae
860 3267 1008 3339 vitientur.
1029 3268 1202 3354 dudumque
1223 3272 1312 3334 etiam

141 3374 177 3438 ab
194 3375 258 3437 oiiia
274 3371 557 3456 propositionum).
588 3371 680 3452 igitur
694 3370 723 3433 io
738 3387 825 3433 arena
842 3369 959 3451 proprie.
974 3371 1050 3434 riirta
1067 3391 1196 3453 prottaus
1212 3374 1344 3456 tempii¹
1461 3381 1467 3388 “
1584 3361 1588 3368 ’

141 3487 377 3559 repraesentatus
393 3485 454 3538 erat
470 3493 538 3536 eum
555 3473 702 3536 columnia
713 3481 743 3536 et
758 3479 921 3546 ottomatee
934 3493 1005 3537 oum
1022 3475 1092 3558 quid
1107 3477 1185 3539 aliud
1198 3490 1315 3558 praeter

141 3599 297 3662 pronaum,
307 3577 422 3643 nescio:
436 3594 504 3640 nam
517 3575 567 3658 qui
579 3573 733 3658 obliquum
745 3575 1033 3660 auiaorniobiiquuot
1046 3579 1147 3661 tempii
1158 3591 1311 3660 aspectum

139 3683 229 3747 iuieae
246 3681 358 3754 volunt,
375 3689 407 3743 ut
419 3680 496 3743 latur
510 3697 630 3761 quoque
641 3677 843 3759 cunctantibus
858 3679 1023 3756 offerretur,
1039 3682 1110 3744 nihii
1127 3683 1183 3746 nisi
1195 3683 1310 3765 proeiu-

139 3787 264 3850 dicatum
280 3785 317 3847 rie
334 3783 459 3865 oretopia
474 3781 643 3864 opinionem
659 3791 839 3864 sequuntur,
860 3783 912 3864 qui
931 3791 1029 3846 autem
1051 3785 1141 3849 etiam
1164 3787 1312 3851 conraiice

139 3889 280 3971 (putenam
300 3897 389 3970 atquc
403 3887 514 3950 laureta
528 3883 715 3959 addiderunt,
731 3895 848 3968 praeter
862 3885 1066 3951 oecocsitatem
1083 3887 1216 3953 iiberaiea
1230 3903 1311 3954 aunt.

139 3991 197 4056 Sed
213 3991 243 4055 in
259 3989 436 4072 parasceuiia
450 3987 529 4052 -ri
544 3987 610 4052 iicet
625 3987 683 4053 hoc
698 3988 818 4052 nomine
833 3989 877 4052 uti
892 3989 928 4052 tie
950 3989 1065 4055 duabus
1088 3995 1234 4074 proscenii
1257 4015 1311 4078 pa·

138 4093 272 4166 rictibus.
288 4094 317 4158 in
330 4093 437 4174 quibua
452 4091 596 4173 periectae
610 4101 705 4164 orant,
722 4123 763 4138 -·-
777 4101 828 4155 aut
838 4092 970 4174 porticus
985 4094 1058 4158 duaa
1077 4106 1128 4160 aut
1142 4097 1198 4161 aiia
1217 4119 1310 4182 quae·

208 4327 234 4394 i)
246 4329 285 4383 ct.
299 4328 438 4397 Wieaeicn
449 4330 474 4382 in
487 4329 576 4382 ΑιιιΙ.
591 4329 650 4398 pute
664 4337 691 4382 et
702 4331 773 4397 poet.
787 4329 838 4384 rei.
853 4331 885 4382 'ii
897 4331 985 4398 (litii)
999 4349 1022 4399 p.
1036 4333 1096 4388 utu.
1109 4344 1136 4388 et
1148 4335 1273 4404 capp-n,
1283 4341 1309 4391 d.

139 4415 272 4480 aitssricci.
286 4415 371 4469 trun
383 4431 406 4483 p.
421 4413 479 4469 iii.
1169 4441 1171 4448 ⁸
