3182 4962
723 431 873 532 mg

216 625 342 708 genuina
356 623 576 706 significatione,
597 623 637 687 illi
657 639 762 686 omnes
776 640 812 684 ea
833 619 986 686 indomitis
1004 629 1093 704 atque
1108 621 1312 686 immoderatis
1326 639 1381 686 aa·

216 735 300 789 turae
312 725 419 788 viribus
433 744 468 788 ae
482 727 613 789 motinus
628 725 658 788 in
671 724 819 806 quoddam
831 723 997 807 priscorum
1010 725 1167 788 hominum
1179 743 1272 807 genus
1284 733 1383 788 trans·

218 839 412 902 mutarentur,
427 829 483 892 laos
495 830 625 912 quidem,
642 829 691 910 qui
704 840 805 912 postea
816 830 987 904 extiterunt,
1004 829 1207 910 magnitudine
1221 846 1381 912 corporum

217 953 253 998 ae
266 933 372 996 mbore
391 933 476 1014 longe
497 933 712 1015 superantium,
732 945 864 996 ceterum
885 933 994 1017 pariter
1014 933 1202 998 mortalitatis
1222 930 1383 996 conditioni

219 1035 424 1107 obnoxiorum,
445 1055 480 1099 ao
502 1049 625 1119 proptor
639 1037 760 1100 nimiam
775 1035 928 1108 ferociam,
949 1055 1042 1118 quum
1058 1036 1147 1100 etiam
1163 1036 1316 1118 insurgere
1329 1034 1384 1097 ad·

219 1157 320 1203 versus
335 1139 407 1202 deos
422 1139 576 1213 auderent,
597 1141 714 1202 tandem
735 1140 772 1202 ab
793 1139 840 1202 his
855 1135 1121 1218 extincturum.⁸⁰)
1164 1137 1266 1201 Talem
1282 1138 1318 1200 de
1333 1135 1385 1200 Gi·

218 1243 355 1325 gentibus
375 1241 545 1325 opinionem
568 1241 625 1305 iam
650 1242 768 1306 Homeri
794 1251 890 1306 aetate
911 1249 1096 1328 pervagatam
1119 1241 1211 1305 luisse
1232 1239 1385 1322 cognosci·

220 1365 297 1420 nans,
324 1363 415 1428 quum
436 1357 555 1428 gentem
576 1342 679 1410 eorum
701 1347 819 1432 penitus
840 1348 966 1412 deletam
987 1347 1217 1422 auatiamua³¹‚l
1242 1352 1387 1426 cognatos

218 1461 317 1514 autem
333 1467 437 1512 eorum
451 1451 591 1534 Cyclopes
607 1452 635 1514 in
651 1451 850 1517 remotissima
863 1453 988 1534 quatiam
1004 1452 1123 1534 regione
1139 1449 1219 1514 ieros
1234 1457 1323 1533 atque
1338 1447 1386 1511 in·

219 1559 316 1620 eultos
331 1555 514 1636 deorumque
530 1562 751 1640 contemptores
767 1557 915 1634 habitare,
935 1557 972 1621 ad
988 1575 1065 1640 qnos
1080 1555 1159 1637 quod
1177 1555 1290 1618 Ulixem
1307 1553 1386 1616 dela·

220 1669 285 1723 tum
305 1677 458 1741 unumque
478 1677 582 1722 eorum
603 1659 639 1722 ab
659 1659 707 1724 illo
728 1673 916 1726 ooeoeoatum
937 1682 1002 1725 ease
1018 1669 1104 1744 poen
1121 1667 1237 1732 namet,
1260 1655 1388 1721 dubitari

221 1783 282 1828 non
298 1773 405 1848 potent,
421 1762 492 1845 quin
508 1773 654 1825 uetustam
670 1764 798 1847 aliquam
816 1765 946 1830 fabulam
963 1764 1121 1848 arripuerit
1135 1781 1250 1844 suoque
1264 1760 1388 1824 oonsilio

222 1867 410 1949 aelaptanerit,
428 1866 570 1948 genuinae
585 1867 804 1950 signitioatiouis
819 1879 871 1934 aut
886 1871 1005 1952 ignarus
1018 1879 1070 1932 ant
1085 1867 1261 1932 incuriosus.
1279 1863 1388 1928 Sedena

222 1969 396 2054 tipolnpibus
415 1980 466 2034 aut
480 1969 638 2053 lipperiam
657 1983 708 2035 aut
727 1984 807 2037 eene
823 1976 1019 2056 propinquam
1038 1971 1179 2054 lipperiae
1194 1969 1387 2051 assignat‚³¹)

223 2094 283 2158 quo
298 2073 419 2137 uomina
435 2073 464 2136 iu
479 2083 593 2138 teuasta
612 2074 708 2138 labaala
725 2077 769 2138 rix
791 2075 951 2159 quidquam
974 2077 1031 2140 nisi
1045 2075 1182 2158 superine
1197 2073 1341 2156 quaedam
1358 2079 1390 2136 et
1494 2118 1496 2125 Α

223 2179 300 2242 adria
322 2177 403 2259 regio
425 2177 584 2258 signilleata
605 2179 696 2243 videri
717 2182 881 2262 potast⁸³l
927 2180 1109 2242 Posteriores
1128 2197 1218 2241 nemo
1234 2179 1329 2240 nescit
1343 2177 1390 2240 laia

227 2280 349 2344 llomori
364 2281 538 2364 lipolopilaus
553 2281 681 2344 Siciliam
698 2281 887 2345 habitandam
904 2283 1029 2354 nonan,
1050 2281 1135 2346 auitas
1151 2281 1298 2364 opinionis
1313 2281 1390 2343 auti·

226 2385 402 2468 quissimum
428 2384 673 2468 esuperstitibua
697 2393 803 2448 testem
823 2385 1024 2468 Thucydidem
1050 2384 1261 2463 habemua.⁸⁴)
1305 2383 1391 2458 Quod
1453 2391 1456 2398 '
1511 2444 1512 2447 ,

225 2507 319 2573 quum
335 2489 364 2552 in
379 2489 483 2551 eadem
504 2489 597 2551 insula
618 2497 741 2571 propter
755 2491 879 2550 Aetnam
901 2499 1035 2552 montem
1056 2488 1146 2551 etiam
1163 2487 1282 2551 Vulcani
1297 2487 1392 2550 oillei-

226 2609 296 2656 uam
316 2611 381 2654 esse
401 2592 613 2662 fabularentur,
637 2591 706 2652 lanio
725 2589 822 2654 socios
844 2593 984 2674 Cyclopes
1004 2603 1093 2674 atque
1113 2589 1266 2654 ministros
1286 2591 1392 2654 adiun-

226 2703 343 2766 xerant,
364 2694 474 2758 scilieet
494 2695 562 2776 quia
578 2693 717 2776 Cyclopes
732 2694 820 2757 etium
837 2695 997 2758 fulminum
1010 2693 1169 2758 Jonialium
1185 2691 1285 2756 labros
1303 2693 1394 2756 luisse

227 2806 414 2880 receperant,
432 2798 566 2880 quamvis
586 2797 759 2861 Horaericos
779 2796 844 2862 illos
864 2797 1034 2881 longissime
1052 2797 1089 2860 ab
1110 2796 1283 2868 huiuamodi
1304 2795 1393 2859 mini·

227 2901 318 2966 sterio
339 2901 480 2984 omnique
502 2913 564 2966 arte
587 2900 682 2966 labrili
697 2900 857 2966 abliorrere
873 2901 1063 2967 manifestum
1078 2899 1126 2966 sit.
1172 2899 1275 2982 Neque
1289 2915 1394 2964 reeen-

228 3005 318 3070 tiorea
334 3005 422 3070 siculi
438 3005 620 3078 elulaitarunt.
636 3005 708 3091 quin
723 3025 740 3072 a
756 3007 933 3090 cpolopnus
947 3006 1098 3090 quondum
1113 3015 1144 3070 et
1159 3004 1332 3089 Gigantibus
1347 3003 1395 3070 iu·

229 3109 292 3174 sula
306 3129 358 3173 sua
375 3109 502 3174 inabitat·
517 3109 566 3184 sit,
581 3109 666 3175 ouius
676 3109 719 3174 rei
730 3110 894 3174 certissima
909 3110 1088 3175 documenta
1100 3109 1256 3193 proieruut
1267 3107 1396 3192 ingentia

89 3213 94 3224 '
229 3213 372 3294 quaedam
387 3229 511 3294 eorpora
531 3211 563 3275 in
581 3213 695 3294 aliquot
710 3213 824 3276 Sieiliae
843 3213 976 3296 partibua
995 3213 1123 3282 inventa.
1144 3231 1272 3292 quorum
1292 3213 1396 3276 deutn

229 3315 344 3396 aliaque
359 3333 425 3378 ossa
439 3325 470 3378 et
484 3333 502 3376 a
516 3335 550 3378 se
563 3320 595 3378 at
609 3315 646 3378 ab
660 3315 724 3380 aliis
739 3315 801 3378 nisa
816 3335 881 3379 esse
896 3317 1028 3379 Faaellus
1042 3315 1257 3394 asseverat.⁸⁶)

316 3419 415 3501 Longa
436 3419 556 3501 propius
575 3419 612 3482 ad
632 3437 732 3482 veram
753 3427 783 3481 et
803 3419 960 3501 genuinum
976 3419 1138 3502 Cpclopum
1152 3415 1397 3500 significationem

229 3531 290 3586 tres
304 3522 344 3586 illi
359 3523 437 3605 apud
454 3521 614 3586 llasiodum
630 3522 782 3596 aooedont
798 3541 981 3606 quamquam
995 3523 1021 3586 is
1034 3541 1071 3584 aa
1086 3521 1169 3584 omui
1184 3537 1322 3594 numero,
1345 3519 1398 3601 qui

230 3625 303 3709 quio
317 3627 411 3690 maim
424 3625 461 3688 ab
476 3625 560 3690 initio
574 3625 704 3690 creditus
715 3625 755 3688 sit
769 3642 831 3688 nou
842 3625 954 3698 dubito,
970 3635 1031 3688 tres
1044 3633 1160 3688 tantum
1172 3621 1283 3691 asciuit.
1301 3623 1397 3685 liron-

230 3737 292 3805 tea‚
314 3731 468 3810 Steropen,
486 3729 592 3810 Argen,
614 3728 726 3792 scilieet
746 3728 825 3809 quod
846 3727 981 3812 pluribus
996 3743 1057 3791 non
1073 3744 1149 3810 opus
1164 3734 1229 3790 erat
1244 3724 1280 3788 ad
1295 3724 1398 3788 tulmi-

232 3831 435 3846 *n——o—

299 3865 342 3930 ³0)
361 3865 455 3917 Varias
466 3865 498 3916 ds
511 3865 712 3931 gigantomachia
726 3865 889 3918 aarratioasa
901 3863 1039 3932 diligenter
1050 3863 1194 3931 conposuit
1206 3862 1369 3916 Wisaslaras
1380 3859 1399 3914 l.

231 3947 251 4004 l.
262 3967 287 4019 p.
301 3951 409 4020 lttsqq.

299 4037 344 4103 an
361 4037 408 4090 oa.
423 4035 476 4099 vn,
488 4037 600 4090 as-on

301 4121 344 4185 ³2)
363 4121 396 4174 lt.
409 4121 451 4188 vl,
463 4124 488 4176 l.
500 4125 525 4174 a.
539 4123 580 4174 abi
592 4117 694 4190 ἄνδρες
706 4117 942 4193 inepqroptossac
953 4129 1087 4175 vooaatua.
1317 4139 1329 4154 ··

302 4207 345 4274 3³)
362 4209 406 4261 Sis
423 4209 514 4261 statuit
529 4207 589 4261 Car.
605 4205 674 4260 Gaii.
691 4207 846 4274 (intumit,
862 4208 1027 4263 Houeriaahe
1040 4207 1230 4274 ronuaagaa
1250 4205 1268 4258 Ι.
1282 4203 1401 4258 limas·

234 4289 364 4364 Nysaea·
377 4310 400 4362 p.
412 4295 454 4360 tt),
466 4293 622 4362 probabilius
633 4309 707 4363 qaaaa
718 4293 866 4348 Nitaaeliaa
877 4295 909 4347 ad
921 4293 968 4348 0el.
980 4302 1042 4347 ton.
1055 4292 1087 4347 lll
1098 4309 1123 4361 p.
1135 4291 1245 4347 xxvn.

303 4379 346 4444 it)
362 4377 478 4450 Thaepd.
489 4379 533 4444 Vl,
544 4380 570 4434 2.

305 4463 349 4528 ³5)
366 4458 996 4533 Damhassloallatliealllm.e.l.p.2tt.
1070 4523 1075 4532 ,
