<?xml version="1.0" encoding="UTF-8"?>
<!DOCTYPE html PUBLIC "-//W3C//DTD XHTML 1.0 Transitional//EN"
    "http://www.w3.org/TR/xhtml1/DTD/xhtml1-transitional.dtd">
<html xmlns="http://www.w3.org/1999/xhtml" xml:lang="en" lang="en">
 <head>
  <title>
</title>
<meta http-equiv="Content-Type" content="text/html;charset=utf-8" />
  <meta name='ocr-system' content='tesseract 3.04.00' />
  <meta name='ocr-capabilities' content='ocr_page ocr_carea ocr_par ocr_line ocrx_word'/>
</head>
<body>
  <div class='ocr_page' id='page_1' title='image "./opusculaacademi00schgoog_0025.png"; bbox 0 0 3266 4958; ppageno 0'>
   <div class='ocr_carea' id='block_1_1' title="bbox 660 511 810 528">
    <p class='ocr_par' dir='ltr' id='par_1_1' title="bbox 660 511 810 528">
     <span class='ocr_line' id='line_1_1' title="bbox 660 511 810 528; baseline 0.013 -2"><span class='ocrx_word' id='word_1_1' title='bbox 660 511 810 528; x_wconf 48' lang='lat' dir='ltr'>m</span> 
     </span>
    </p>
   </div>
   <div class='ocr_carea' id='block_1_2' title="bbox 150 615 1371 4098">
    <p class='ocr_par' dir='ltr' id='par_1_2' title="bbox 150 615 1371 4098">
     <span class='ocr_line' id='line_1_2' title="bbox 150 615 1318 700; baseline 0 -22"><span class='ocrx_word' id='word_1_2' title='bbox 150 633 225 700; x_wconf 85' lang='lat' dir='ltr'><strong>quas</strong></span> <span class='ocrx_word' id='word_1_3' title='bbox 238 615 390 698; x_wconf 86' lang='lat' dir='ltr'><strong>attigimus</strong></span> <span class='ocrx_word' id='word_1_4' title='bbox 404 615 556 682; x_wconf 74' lang='lat' dir='ltr'><strong>massula</strong></span> <span class='ocrx_word' id='word_1_5' title='bbox 571 635 608 678; x_wconf 87' lang='lat' dir='ltr'><strong>eo</strong></span> <span class='ocrx_word' id='word_1_6' title='bbox 623 615 830 688; x_wconf 80' lang='lat' dir='ltr'><strong>abborrerent,</strong></span> <span class='ocrx_word' id='word_1_7' title='bbox 853 635 907 699; x_wconf 74' lang='lat' dir='ltr'><strong>per</strong></span> <span class='ocrx_word' id='word_1_8' title='bbox 928 635 960 678; x_wconf 82' lang='lat' dir='ltr'><strong>se</strong></span> <span class='ocrx_word' id='word_1_9' title='bbox 981 623 1081 680; x_wconf 71' lang='lat' dir='ltr'><strong>umen</strong></span> <span class='ocrx_word' id='word_1_10' title='bbox 1103 617 1202 700; x_wconf 86' lang='lat' dir='ltr'><strong>ipsum</strong></span> <span class='ocrx_word' id='word_1_11' title='bbox 1221 615 1318 679; x_wconf 86' lang='lat' dir='ltr'><strong>haud·</strong></span> 
     </span>
     <span class='ocr_line' id='line_1_3' title="bbox 150 719 1319 804; baseline -0.001 -22"><span class='ocrx_word' id='word_1_12' title='bbox 150 737 299 802; x_wconf 89' lang='lat' dir='ltr'><strong>qnaqaam</strong></span> <span class='ocrx_word' id='word_1_13' title='bbox 313 720 555 804; x_wconf 85' lang='lat' dir='ltr'><strong>improbandum,</strong></span> <span class='ocrx_word' id='word_1_14' title='bbox 570 720 664 782; x_wconf 89' lang='lat' dir='ltr'><strong>imma</strong></span> <span class='ocrx_word' id='word_1_15' title='bbox 686 719 861 801; x_wconf 81' lang='lat' dir='ltr'><strong>oligarcltiae</strong></span> <span class='ocrx_word' id='word_1_16' title='bbox 880 733 912 782; x_wconf 87' lang='lat' dir='ltr'><strong>et</strong></span> <span class='ocrx_word' id='word_1_17' title='bbox 930 721 1125 784; x_wconf 85' lang='lat' dir='ltr'><strong>democratiae</strong></span> <span class='ocrx_word' id='word_1_18' title='bbox 1148 720 1319 803; x_wconf 87' lang='lat' dir='ltr'><strong>praelerea-</strong></span> 
     </span>
     <span class='ocr_line' id='line_1_4' title="bbox 150 822 1319 906; baseline 0.001 -21"><span class='ocrx_word' id='word_1_19' title='bbox 150 823 223 886; x_wconf 92' lang='lat' dir='ltr'><strong>dum</strong></span> <span class='ocrx_word' id='word_1_20' title='bbox 238 841 299 886; x_wconf 91' lang='lat' dir='ltr'><strong>non</strong></span> <span class='ocrx_word' id='word_1_21' title='bbox 310 823 411 906; x_wconf 86' lang='lat' dir='ltr'><strong>paucis</strong></span> <span class='ocrx_word' id='word_1_22' title='bbox 424 823 520 885; x_wconf 82' lang='lat' dir='ltr'><strong>risum</strong></span> <span class='ocrx_word' id='word_1_23' title='bbox 532 841 607 894; x_wconf 86' lang='lat' dir='ltr'><strong>esse,</strong></span> <span class='ocrx_word' id='word_1_24' title='bbox 622 822 712 884; x_wconf 86' lang='lat' dir='ltr'><strong>etiam</strong></span> <span class='ocrx_word' id='word_1_25' title='bbox 724 822 865 884; x_wconf 82' lang='lat' dir='ltr'><strong>llermloli</strong></span> <span class='ocrx_word' id='word_1_26' title='bbox 876 829 905 884; x_wconf 82' lang='lat' dir='ltr'><strong>at</strong></span> <span class='ocrx_word' id='word_1_27' title='bbox 918 823 1054 886; x_wconf 86' lang='lat' dir='ltr'><strong>lsocratis</strong></span> <span class='ocrx_word' id='word_1_28' title='bbox 1064 823 1237 887; x_wconf 87' lang='lat' dir='ltr'><strong>auctoritate</strong></span> <span class='ocrx_word' id='word_1_29' title='bbox 1246 842 1319 904; x_wconf 89' lang='lat' dir='ltr'><strong>pro-</strong></span> 
     </span>
     <span class='ocr_line' id='line_1_5' title="bbox 152 922 1319 1006; baseline 0 -19"><span class='ocrx_word' id='word_1_30' title='bbox 152 925 297 987; x_wconf 86' lang='lat' dir='ltr'><strong>babimus.</strong></span> <span class='ocrx_word' id='word_1_31' title='bbox 327 925 377 988; x_wconf 92' lang='lat' dir='ltr'><strong>llle</strong></span> <span class='ocrx_word' id='word_1_32' title='bbox 396 925 476 987; x_wconf 90' lang='lat' dir='ltr'><strong>enim</strong></span> <span class='ocrx_word' id='word_1_33' title='bbox 489 926 540 998; x_wconf 86' lang='lat'><strong>¹⁰)</strong></span> <span class='ocrx_word' id='word_1_34' title='bbox 561 931 632 1004; x_wconf 85' lang='lat' dir='ltr'><strong>post</strong></span> <span class='ocrx_word' id='word_1_35' title='bbox 659 922 873 1002; x_wconf 82' lang='lat' dir='ltr'><strong>interemptum</strong></span> <span class='ocrx_word' id='word_1_36' title='bbox 902 942 1037 1004; x_wconf 81' lang='lat' dir='ltr'><strong>magum,</strong></span> <span class='ocrx_word' id='word_1_37' title='bbox 1057 927 1160 1006; x_wconf 90' lang='lat' dir='ltr'><strong>quise</strong></span> <span class='ocrx_word' id='word_1_38' title='bbox 1180 925 1319 987; x_wconf 83' lang='lat' dir='ltr'><strong>Smenlin</strong></span> 
     </span>
     <span class='ocr_line' id='line_1_6' title="bbox 151 1025 1320 1110; baseline -0.001 -18"><span class='ocrx_word' id='word_1_39' title='bbox 151 1027 218 1110; x_wconf 72' lang='lat' dir='ltr'><strong>qui</strong></span> <span class='ocrx_word' id='word_1_40' title='bbox 231 1028 324 1090; x_wconf 86' lang='lat' dir='ltr'><strong>tilium</strong></span> <span class='ocrx_word' id='word_1_41' title='bbox 339 1047 407 1090; x_wconf 86' lang='lat' dir='ltr'><strong>esse</strong></span> <span class='ocrx_word' id='word_1_42' title='bbox 420 1027 610 1090; x_wconf 76' lang='lat' dir='ltr'><strong>simulaverat</strong></span> <span class='ocrx_word' id='word_1_43' title='bbox 627 1043 720 1106; x_wconf 88' lang='lat' dir='ltr'><strong>eaque</strong></span> <span class='ocrx_word' id='word_1_44' title='bbox 737 1025 840 1088; x_wconf 88' lang='lat' dir='ltr'><strong>iraude</strong></span> <span class='ocrx_word' id='word_1_45' title='bbox 860 1044 985 1106; x_wconf 83' lang='lat' dir='ltr'><strong>regnum</strong></span> <span class='ocrx_word' id='word_1_46' title='bbox 1006 1041 1207 1110; x_wconf 70' lang='lat' dir='ltr'><strong>occupaverat,</strong></span> <span class='ocrx_word' id='word_1_47' title='bbox 1227 1029 1320 1092; x_wconf 88' lang='lat' dir='ltr'><strong>callo·</strong></span> 
     </span>
     <span class='ocr_line' id='line_1_7' title="bbox 151 1130 1317 1214; baseline 0.002 -21"><span class='ocrx_word' id='word_1_48' title='bbox 151 1140 277 1214; x_wconf 65' lang='lat' dir='ltr'><strong>quemn</strong></span> <span class='ocrx_word' id='word_1_49' title='bbox 292 1131 370 1193; x_wconf 89' lang='lat' dir='ltr'><strong>inter</strong></span> <span class='ocrx_word' id='word_1_50' title='bbox 382 1149 414 1193; x_wconf 88' lang='lat' dir='ltr'><strong>se</strong></span> <span class='ocrx_word' id='word_1_51' title='bbox 429 1139 543 1212; x_wconf 88' lang='lat' dir='ltr'><strong>septem</strong></span> <span class='ocrx_word' id='word_1_52' title='bbox 558 1130 716 1192; x_wconf 75' lang='lat' dir='ltr'><strong>Persarum</strong></span> <span class='ocrx_word' id='word_1_53' title='bbox 732 1131 878 1212; x_wconf 80' lang='lat' dir='ltr'><strong>principes</strong></span> <span class='ocrx_word' id='word_1_54' title='bbox 893 1131 1006 1193; x_wconf 91' lang='lat' dir='ltr'><strong>inducit</strong></span> <span class='ocrx_word' id='word_1_55' title='bbox 1026 1141 1057 1194; x_wconf 88' lang='lat' dir='ltr'><strong>et</strong></span> <span class='ocrx_word' id='word_1_56' title='bbox 1079 1132 1116 1194; x_wconf 91' lang='lat' dir='ltr'><strong>de</strong></span> <span class='ocrx_word' id='word_1_57' title='bbox 1136 1149 1254 1194; x_wconf 83' lang='lat' dir='ltr'><strong>summa</strong></span> <span class='ocrx_word' id='word_1_58' title='bbox 1269 1151 1317 1195; x_wconf 89' lang='lat' dir='ltr'><strong>re·</strong></span> 
     </span>
     <span class='ocr_line' id='line_1_8' title="bbox 151 1233 1320 1317; baseline 0.001 -19"><span class='ocrx_word' id='word_1_59' title='bbox 151 1253 220 1298; x_wconf 91' lang='lat' dir='ltr'><strong>rum</strong></span> <span class='ocrx_word' id='word_1_60' title='bbox 235 1233 447 1298; x_wconf 72' lang='lat' dir='ltr'><strong>delherantes:</strong></span> <span class='ocrx_word' id='word_1_61' title='bbox 463 1252 592 1317; x_wconf 88' lang='lat' dir='ltr'><strong>quarum</strong></span> <span class='ocrx_word' id='word_1_62' title='bbox 607 1251 696 1308; x_wconf 90' lang='lat' dir='ltr'><strong>nnus,</strong></span> <span class='ocrx_word' id='word_1_63' title='bbox 711 1233 831 1308; x_wconf 72' lang='lat' dir='ltr'><strong>osane,</strong></span> <span class='ocrx_word' id='word_1_64' title='bbox 846 1236 1026 1298; x_wconf 72' lang='lat' dir='ltr'>enumeratis</span> <span class='ocrx_word' id='word_1_65' title='bbox 1042 1235 1137 1312; x_wconf 85' lang='lat' dir='ltr'><strong>malis,</strong></span> <span class='ocrx_word' id='word_1_66' title='bbox 1152 1233 1260 1317; x_wconf 79' lang='lat' dir='ltr'><strong>quibus</strong></span> <span class='ocrx_word' id='word_1_67' title='bbox 1273 1235 1320 1299; x_wconf 85' lang='lat' dir='ltr'><strong>ia-</strong></span> 
     </span>
     <span class='ocr_line' id='line_1_9' title="bbox 151 1337 1317 1420; baseline -0.001 -19"><span class='ocrx_word' id='word_1_68' title='bbox 151 1337 206 1401; x_wconf 91' lang='lat' dir='ltr'><strong>cile</strong></span> <span class='ocrx_word' id='word_1_69' title='bbox 227 1339 316 1402; x_wconf 88' lang='lat' dir='ltr'><strong>unius</strong></span> <span class='ocrx_word' id='word_1_70' title='bbox 331 1337 488 1420; x_wconf 88' lang='lat' dir='ltr'><strong>imperium</strong></span> <span class='ocrx_word' id='word_1_71' title='bbox 500 1337 588 1401; x_wconf 89' lang='lat' dir='ltr'><strong>nullis</strong></span> <span class='ocrx_word' id='word_1_72' title='bbox 603 1337 714 1420; x_wconf 66' lang='grc' dir='ltr'>ΙεςίΙιω</span> <span class='ocrx_word' id='word_1_73' title='bbox 728 1338 902 1401; x_wconf 88' lang='lat' dir='ltr'><strong>adstrictum</strong></span> <span class='ocrx_word' id='word_1_74' title='bbox 914 1347 1131 1420; x_wconf 78' lang='lat' dir='ltr'><strong>corrumpatur,</strong></span> <span class='ocrx_word' id='word_1_75' title='bbox 1145 1339 1317 1420; x_wconf 76' lang='lat' dir='ltr'><strong>popularem</strong></span> 
     </span>
     <span class='ocr_line' id='line_1_10' title="bbox 151 1441 1321 1524; baseline 0 -20"><span class='ocrx_word' id='word_1_76' title='bbox 151 1441 195 1504; x_wconf 90' lang='lat' dir='ltr'><strong>rei</strong></span> <span class='ocrx_word' id='word_1_77' title='bbox 209 1441 342 1524; x_wconf 87' lang='lat' dir='ltr'><strong>publicae</strong></span> <span class='ocrx_word' id='word_1_78' title='bbox 356 1441 483 1504; x_wconf 87' lang='lat' dir='ltr'><strong>iormam</strong></span> <span class='ocrx_word' id='word_1_79' title='bbox 498 1441 613 1505; x_wconf 82' lang='lat' dir='ltr'><strong>institui</strong></span> <span class='ocrx_word' id='word_1_80' title='bbox 628 1441 700 1514; x_wconf 83' lang='lat' dir='ltr'><strong>malt,</strong></span> <span class='ocrx_word' id='word_1_81' title='bbox 715 1443 799 1516; x_wconf 85' lang='lat' dir='ltr'><strong>alter,</strong></span> <span class='ocrx_word' id='word_1_82' title='bbox 816 1441 997 1523; x_wconf 72' lang='lat' dir='ltr'><strong>llagabpeus,</strong></span> <span class='ocrx_word' id='word_1_83' title='bbox 1013 1441 1210 1504; x_wconf 87' lang='lat' dir='ltr'><strong>multitudinis</strong></span> <span class='ocrx_word' id='word_1_84' title='bbox 1225 1442 1321 1524; x_wconf 85' lang='lat' dir='ltr'><strong>impe·</strong></span> 
     </span>
     <span class='ocr_line' id='line_1_11' title="bbox 151 1544 1320 1629; baseline 0.001 -21"><span class='ocrx_word' id='word_1_85' title='bbox 151 1544 225 1608; x_wconf 85' lang='lat' dir='ltr'><strong>ritae</strong></span> <span class='ocrx_word' id='word_1_86' title='bbox 240 1553 386 1627; x_wconf 71' lang='lat' dir='ltr'><strong>potestate</strong></span> <span class='ocrx_word' id='word_1_87' title='bbox 400 1545 472 1610; x_wconf 78' lang='lat' dir='ltr'><strong>nihil</strong></span> <span class='ocrx_word' id='word_1_88' title='bbox 487 1544 682 1629; x_wconf 73' lang='lat' dir='ltr'><strong>perniciosius</strong></span> <span class='ocrx_word' id='word_1_89' title='bbox 698 1545 847 1627; x_wconf 80' lang='lat' dir='ltr'><strong>magisque</strong></span> <span class='ocrx_word' id='word_1_90' title='bbox 863 1545 943 1608; x_wconf 86' lang='lat' dir='ltr'><strong>bono</strong></span> <span class='ocrx_word' id='word_1_91' title='bbox 956 1545 1073 1628; x_wconf 82' lang='lat' dir='ltr'><strong>publico</strong></span> <span class='ocrx_word' id='word_1_92' title='bbox 1084 1545 1242 1608; x_wconf 77' lang='lat' dir='ltr'><strong>adversum</strong></span> <span class='ocrx_word' id='word_1_93' title='bbox 1253 1565 1320 1609; x_wconf 84' lang='lat' dir='ltr'><strong>esse</strong></span> 
     </span>
     <span class='ocr_line' id='line_1_12' title="bbox 153 1647 1321 1732; baseline 0 -20"><span class='ocrx_word' id='word_1_94' title='bbox 153 1655 287 1724; x_wconf 80' lang='lat' dir='ltr'><strong>testulus,</strong></span> <span class='ocrx_word' id='word_1_95' title='bbox 302 1649 423 1713; x_wconf 88' lang='lat' dir='ltr'><strong>delectis</strong></span> <span class='ocrx_word' id='word_1_96' title='bbox 437 1648 615 1732; x_wconf 83' lang='lat' dir='ltr'><strong>quibusdam</strong></span> <span class='ocrx_word' id='word_1_97' title='bbox 630 1649 699 1712; x_wconf 84' lang='lat' dir='ltr'><strong>siris</strong></span> <span class='ocrx_word' id='word_1_98' title='bbox 710 1648 830 1732; x_wconf 86' lang='lat' dir='ltr'><strong>optimis</strong></span> <span class='ocrx_word' id='word_1_99' title='bbox 840 1647 1037 1730; x_wconf 80' lang='lat' dir='ltr'><strong>gubernacula</strong></span> <span class='ocrx_word' id='word_1_100' title='bbox 1048 1650 1244 1732; x_wconf 80' lang='lat' dir='ltr'><strong>permittenda</strong></span> <span class='ocrx_word' id='word_1_101' title='bbox 1255 1669 1321 1712; x_wconf 78' lang='lat' dir='ltr'><strong>esse</strong></span> 
     </span>
     <span class='ocr_line' id='line_1_13' title="bbox 154 1751 1321 1836; baseline -0.002 -20"><span class='ocrx_word' id='word_1_102' title='bbox 154 1758 270 1826; x_wconf 85' lang='lat' dir='ltr'><strong>censet,</strong></span> <span class='ocrx_word' id='word_1_103' title='bbox 285 1753 389 1815; x_wconf 87' lang='lat' dir='ltr'><strong>tertius</strong></span> <span class='ocrx_word' id='word_1_104' title='bbox 408 1751 552 1835; x_wconf 88' lang='lat' dir='ltr'><strong>denique,</strong></span> <span class='ocrx_word' id='word_1_105' title='bbox 573 1751 691 1825; x_wconf 80' lang='lat' dir='ltr'><strong>llarim,</strong></span> <span class='ocrx_word' id='word_1_106' title='bbox 711 1761 872 1834; x_wconf 85' lang='lat' dir='ltr'><strong>utrumque</strong></span> <span class='ocrx_word' id='word_1_107' title='bbox 891 1753 934 1816; x_wconf 90' lang='lat' dir='ltr'><strong>rei</strong></span> <span class='ocrx_word' id='word_1_108' title='bbox 954 1753 1087 1836; x_wconf 76' lang='lat' dir='ltr'><strong>publicae</strong></span> <span class='ocrx_word' id='word_1_109' title='bbox 1108 1771 1202 1834; x_wconf 85' lang='lat' dir='ltr'><strong>genus</strong></span> <span class='ocrx_word' id='word_1_110' title='bbox 1220 1753 1321 1814; x_wconf 88' lang='lat' dir='ltr'><strong>multis</strong></span> 
     </span>
     <span class='ocr_line' id='line_1_14' title="bbox 155 1853 1322 1938; baseline -0.002 -20"><span class='ocrx_word' id='word_1_111' title='bbox 155 1855 329 1938; x_wconf 75' lang='lat' dir='ltr'><strong>magnisque</strong></span> <span class='ocrx_word' id='word_1_112' title='bbox 344 1855 428 1918; x_wconf 89' lang='lat' dir='ltr'><strong>malis</strong></span> <span class='ocrx_word' id='word_1_113' title='bbox 441 1855 574 1918; x_wconf 86' lang='lat' dir='ltr'><strong>laborare</strong></span> <span class='ocrx_word' id='word_1_114' title='bbox 588 1855 782 1928; x_wconf 87' lang='lat' dir='ltr'><strong>demonstrat,</strong></span> <span class='ocrx_word' id='word_1_115' title='bbox 798 1873 927 1936; x_wconf 89' lang='lat' dir='ltr'><strong>quorum</strong></span> <span class='ocrx_word' id='word_1_116' title='bbox 941 1873 1045 1937; x_wconf 80' lang='lat' dir='ltr'><strong>expers</strong></span> <span class='ocrx_word' id='word_1_117' title='bbox 1059 1875 1124 1919; x_wconf 83' lang='lat' dir='ltr'><strong>esse</strong></span> <span class='ocrx_word' id='word_1_118' title='bbox 1134 1855 1223 1917; x_wconf 89' lang='lat' dir='ltr'><strong>docet</strong></span> <span class='ocrx_word' id='word_1_119' title='bbox 1232 1853 1322 1916; x_wconf 79' lang='lat' dir='ltr'><strong>unius</strong></span> 
     </span>
     <span class='ocr_line' id='line_1_15' title="bbox 155 1957 1323 2041; baseline -0.001 -22"><span class='ocrx_word' id='word_1_120' title='bbox 155 1958 292 2021; x_wconf 81' lang='lat' dir='ltr'><strong>virileni</strong></span> <span class='ocrx_word' id='word_1_121' title='bbox 307 1977 342 2020; x_wconf 88' lang='lat' dir='ltr'><strong>ac</strong></span> <span class='ocrx_word' id='word_1_122' title='bbox 352 1958 493 2040; x_wconf 88' lang='lat' dir='ltr'><strong>sapientis</strong></span> <span class='ocrx_word' id='word_1_123' title='bbox 507 1957 683 2041; x_wconf 85' lang='lat' dir='ltr'><strong>imperium:</strong></span> <span class='ocrx_word' id='word_1_124' title='bbox 699 1975 825 2039; x_wconf 77' lang='lat' dir='ltr'><strong>mmque</strong></span> <span class='ocrx_word' id='word_1_125' title='bbox 839 1958 1016 2020; x_wconf 86' lang='lat' dir='ltr'><strong>seutentiam</strong></span> <span class='ocrx_word' id='word_1_126' title='bbox 1031 1957 1136 2020; x_wconf 88' lang='lat' dir='ltr'><strong>ceteris</strong></span> <span class='ocrx_word' id='word_1_127' title='bbox 1146 1975 1247 2020; x_wconf 83' lang='lat' dir='ltr'><strong>reram</strong></span> <span class='ocrx_word' id='word_1_128' title='bbox 1257 1974 1323 2018; x_wconf 84' lang='lat' dir='ltr'><strong>esse</strong></span> 
     </span>
     <span class='ocr_line' id='line_1_16' title="bbox 155 2059 1322 2143; baseline -0.003 -19"><span class='ocrx_word' id='word_1_129' title='bbox 155 2060 321 2143; x_wconf 79' lang='lat' dir='ltr'><strong>persuadet</strong></span> <span class='ocrx_word' id='word_1_130' title='bbox 350 2061 429 2124; x_wconf 85' lang='lat' dir='ltr'><strong>Ficta</strong></span> <span class='ocrx_word' id='word_1_131' title='bbox 440 2061 606 2125; x_wconf 82' lang='lat' dir='ltr'><strong>sinedaddo</strong></span> <span class='ocrx_word' id='word_1_132' title='bbox 620 2069 667 2123; x_wconf 86' lang='lat' dir='ltr'><strong>est</strong></span> <span class='ocrx_word' id='word_1_133' title='bbox 681 2061 754 2122; x_wconf 86' lang='lat' dir='ltr'><strong>haee</strong></span> <span class='ocrx_word' id='word_1_134' title='bbox 767 2059 866 2122; x_wconf 87' lang='lat' dir='ltr'><strong>omnis</strong></span> <span class='ocrx_word' id='word_1_135' title='bbox 883 2060 1074 2130; x_wconf 75' lang='lat' dir='ltr'><strong>consultatio,</strong></span> <span class='ocrx_word' id='word_1_136' title='bbox 1094 2077 1190 2140; x_wconf 88' lang='lat' dir='ltr'><strong>aeque</strong></span> <span class='ocrx_word' id='word_1_137' title='bbox 1211 2059 1240 2121; x_wconf 88' lang='lat' dir='ltr'><strong>id</strong></span> <span class='ocrx_word' id='word_1_138' title='bbox 1263 2059 1322 2121; x_wconf 87' lang='lat' dir='ltr'><strong>lle·</strong></span> 
     </span>
     <span class='ocr_line' id='line_1_17' title="bbox 154 2161 1323 2244; baseline -0.003 -18"><span class='ocrx_word' id='word_1_139' title='bbox 154 2163 280 2226; x_wconf 90' lang='lat' dir='ltr'><strong>rodatus</strong></span> <span class='ocrx_word' id='word_1_140' title='bbox 294 2179 475 2244; x_wconf 88' lang='lat' dir='ltr'><strong>quamquam</strong></span> <span class='ocrx_word' id='word_1_141' title='bbox 491 2163 619 2226; x_wconf 71' lang='lat' dir='ltr'><strong>rolause</strong></span> <span class='ocrx_word' id='word_1_142' title='bbox 633 2161 751 2224; x_wconf 82' lang='lat' dir='ltr'><strong>ridetur</strong></span> <span class='ocrx_word' id='word_1_143' title='bbox 769 2161 955 2224; x_wconf 86' lang='lat' dir='ltr'><strong>dissimulare</strong></span> <span class='ocrx_word' id='word_1_144' title='bbox 977 2162 1087 2244; x_wconf 87' lang='lat' dir='ltr'><strong>potuit:</strong></span> <span class='ocrx_word' id='word_1_145' title='bbox 1110 2179 1213 2224; x_wconf 86' lang='lat' dir='ltr'><strong>rerum</strong></span> <span class='ocrx_word' id='word_1_146' title='bbox 1240 2169 1323 2223; x_wconf 89' lang='lat' dir='ltr'><strong>tauto</strong></span> 
     </span>
     <span class='ocr_line' id='line_1_18' title="bbox 154 2261 1323 2348; baseline -0.003 -20"><span class='ocrx_word' id='word_1_147' title='bbox 154 2266 248 2348; x_wconf 90' lang='lat' dir='ltr'><strong>magis</strong></span> <span class='ocrx_word' id='word_1_148' title='bbox 262 2265 442 2330; x_wconf 86' lang='lat' dir='ltr'><strong>documento</strong></span> <span class='ocrx_word' id='word_1_149' title='bbox 456 2285 522 2329; x_wconf 89' lang='lat' dir='ltr'><strong>esse</strong></span> <span class='ocrx_word' id='word_1_150' title='bbox 537 2273 646 2348; x_wconf 86' lang='lat' dir='ltr'><strong>potest,</strong></span> <span class='ocrx_word' id='word_1_151' title='bbox 661 2263 731 2346; x_wconf 77' lang='lat' dir='ltr'><strong>quid</strong></span> <span class='ocrx_word' id='word_1_152' title='bbox 747 2263 809 2346; x_wconf 87' lang='lat' dir='ltr'><strong>ipse</strong></span> <span class='ocrx_word' id='word_1_153' title='bbox 823 2265 952 2346; x_wconf 88' lang='lat' dir='ltr'><strong>scriptor</strong></span> <span class='ocrx_word' id='word_1_154' title='bbox 965 2263 1003 2326; x_wconf 90' lang='lat' dir='ltr'><strong>de</strong></span> <span class='ocrx_word' id='word_1_155' title='bbox 1017 2264 1112 2326; x_wconf 74' lang='lat' dir='ltr'><strong>uibus</strong></span> <span class='ocrx_word' id='word_1_156' title='bbox 1126 2263 1184 2325; x_wconf 87' lang='lat' dir='ltr'><strong>illis</strong></span> <span class='ocrx_word' id='word_1_157' title='bbox 1202 2261 1245 2326; x_wconf 92' lang='lat' dir='ltr'><strong>rei</strong></span> <span class='ocrx_word' id='word_1_158' title='bbox 1266 2281 1323 2346; x_wconf 92' lang='lat' dir='ltr'><strong>pu-</strong></span> 
     </span>
     <span class='ocr_line' id='line_1_19' title="bbox 153 2365 1323 2432; baseline -0.002 -2"><span class='ocrx_word' id='word_1_159' title='bbox 153 2367 247 2432; x_wconf 86' lang='lat' dir='ltr'><strong>blicae</strong></span> <span class='ocrx_word' id='word_1_160' title='bbox 260 2367 365 2432; x_wconf 79' lang='lat' dir='ltr'><strong>formis</strong></span> <span class='ocrx_word' id='word_1_161' title='bbox 379 2367 558 2430; x_wconf 77' lang='lat' dir='ltr'><strong>iudicaverit</strong></span> <span class='ocrx_word' id='word_1_162' title='bbox 589 2367 725 2430; x_wconf 85' lang='lat' dir='ltr'><strong>isocratis</strong></span> <span class='ocrx_word' id='word_1_163' title='bbox 739 2376 839 2429; x_wconf 83' lang='lat' dir='ltr'><strong>autem</strong></span> <span class='ocrx_word' id='word_1_164' title='bbox 853 2367 914 2428; x_wconf 90' lang='lat' dir='ltr'><strong>dua</strong></span> <span class='ocrx_word' id='word_1_165' title='bbox 935 2377 1005 2428; x_wconf 87' lang='lat' dir='ltr'><strong>sant</strong></span> <span class='ocrx_word' id='word_1_166' title='bbox 1026 2365 1114 2428; x_wconf 83' lang='lat' dir='ltr'><strong>libelli</strong></span> <span class='ocrx_word' id='word_1_167' title='bbox 1129 2365 1254 2430; x_wconf 79' lang='lat' dir='ltr'><strong>Nicoclis</strong></span> <span class='ocrx_word' id='word_1_168' title='bbox 1266 2385 1323 2428; x_wconf 91' lang='lat' dir='ltr'><strong>no·</strong></span> 
     </span>
     <span class='ocr_line' id='line_1_20' title="bbox 154 2468 1323 2552; baseline -0.003 -19"><span class='ocrx_word' id='word_1_169' title='bbox 154 2471 235 2534; x_wconf 88' lang='lat' dir='ltr'><strong>mine</strong></span> <span class='ocrx_word' id='word_1_170' title='bbox 249 2470 392 2552; x_wconf 90' lang='lat' dir='ltr'><strong>inseripti,</strong></span> <span class='ocrx_word' id='word_1_171' title='bbox 407 2469 460 2552; x_wconf 91' lang='lat' dir='ltr'><strong>qui</strong></span> <span class='ocrx_word' id='word_1_172' title='bbox 476 2469 632 2532; x_wconf 87' lang='lat' dir='ltr'><strong>Salaminis</strong></span> <span class='ocrx_word' id='word_1_173' title='bbox 647 2470 678 2531; x_wconf 96' lang='lat' dir='ltr'><strong>in</strong></span> <span class='ocrx_word' id='word_1_174' title='bbox 692 2471 788 2550; x_wconf 74' lang='lat' dir='ltr'><strong>Cypra</strong></span> <span class='ocrx_word' id='word_1_175' title='bbox 808 2487 860 2530; x_wconf 85' lang='lat' dir='ltr'><strong>res</strong></span> <span class='ocrx_word' id='word_1_176' title='bbox 880 2468 945 2542; x_wconf 83' lang='lat' dir='ltr'><strong>luit,</strong></span> <span class='ocrx_word' id='word_1_177' title='bbox 967 2487 1151 2551; x_wconf 77' lang='lat' dir='ltr'><strong>regnumque</strong></span> <span class='ocrx_word' id='word_1_178' title='bbox 1174 2469 1323 2533; x_wconf 87' lang='lat' dir='ltr'><strong>heredita·</strong></span> 
     </span>
     <span class='ocr_line' id='line_1_21' title="bbox 153 2569 1321 2655; baseline 0 -21"><span class='ocrx_word' id='word_1_179' title='bbox 153 2573 231 2636; x_wconf 78' lang='lat' dir='ltr'><strong>num</strong></span> <span class='ocrx_word' id='word_1_180' title='bbox 246 2591 263 2635; x_wconf 86' lang='lat' dir='ltr'><strong>a</strong></span> <span class='ocrx_word' id='word_1_181' title='bbox 279 2583 361 2654; x_wconf 88' lang='lat' dir='ltr'><strong>patre</strong></span> <span class='ocrx_word' id='word_1_182' title='bbox 376 2571 480 2634; x_wconf 81' lang='lat' dir='ltr'><strong>habuit</strong></span> <span class='ocrx_word' id='word_1_183' title='bbox 494 2571 638 2652; x_wconf 80' lang='lat' dir='ltr'><strong>Euagora,</strong></span> <span class='ocrx_word' id='word_1_184' title='bbox 654 2569 738 2633; x_wconf 80' lang='lat' dir='ltr'><strong>cuius</strong></span> <span class='ocrx_word' id='word_1_185' title='bbox 753 2570 854 2634; x_wconf 88' lang='lat' dir='ltr'><strong>laudes</strong></span> <span class='ocrx_word' id='word_1_186' title='bbox 869 2572 947 2634; x_wconf 87' lang='lat' dir='ltr'><strong>idem</strong></span> <span class='ocrx_word' id='word_1_187' title='bbox 965 2571 1106 2634; x_wconf 78' lang='lat' dir='ltr'><strong>leocrates</strong></span> <span class='ocrx_word' id='word_1_188' title='bbox 1120 2573 1177 2635; x_wconf 91' lang='lat' dir='ltr'><strong>alio</strong></span> <span class='ocrx_word' id='word_1_189' title='bbox 1192 2573 1321 2655; x_wconf 73' lang='lat' dir='ltr'><strong>«quodam</strong></span> 
     </span>
     <span class='ocr_line' id='line_1_22' title="bbox 154 2673 1371 2760; baseline 0 -22"><span class='ocrx_word' id='word_1_190' title='bbox 154 2675 229 2738; x_wconf 79' lang='lat' dir='ltr'><strong>lilrro</strong></span> <span class='ocrx_word' id='word_1_191' title='bbox 243 2673 430 2757; x_wconf 71' lang='lat' dir='ltr'><strong>praedicarit.</strong></span> <span class='ocrx_word' id='word_1_192' title='bbox 458 2673 518 2737; x_wconf 88' lang='lat' dir='ltr'><strong>Sed</strong></span> <span class='ocrx_word' id='word_1_193' title='bbox 533 2673 682 2738; x_wconf 80' lang='lat' dir='ltr'><strong>Nicoclem</strong></span> <span class='ocrx_word' id='word_1_194' title='bbox 698 2683 800 2737; x_wconf 89' lang='lat' dir='ltr'><strong>orator</strong></span> <span class='ocrx_word' id='word_1_195' title='bbox 814 2673 906 2736; x_wconf 80' lang='lat' dir='ltr'><strong>alu-ro</strong></span> <span class='ocrx_word' id='word_1_196' title='bbox 927 2673 1047 2756; x_wconf 76' lang='lat' dir='ltr'><strong>aquilem</strong></span> <span class='ocrx_word' id='word_1_197' title='bbox 1067 2675 1186 2738; x_wconf 87' lang='lat' dir='ltr'><strong>illorum</strong></span> <span class='ocrx_word' id='word_1_198' title='bbox 1207 2675 1321 2760; x_wconf 78' lang='lat' dir='ltr'><strong>lilrello·</strong></span> <span class='ocrx_word' id='word_1_199' title='bbox 1369 2689 1371 2693; x_wconf 81' lang='grc'>’</span> 
     </span>
     <span class='ocr_line' id='line_1_23' title="bbox 153 2776 1323 2860; baseline 0 -18"><span class='ocrx_word' id='word_1_200' title='bbox 153 2797 222 2842; x_wconf 82' lang='lat' dir='ltr'><strong>nrm</strong></span> <span class='ocrx_word' id='word_1_201' title='bbox 243 2777 315 2860; x_wconf 84' lang='lat' dir='ltr'><strong>regii</strong></span> <span class='ocrx_word' id='word_1_202' title='bbox 335 2777 425 2842; x_wconf 79' lang='lat' dir='ltr'><strong>orodi</strong></span> <span class='ocrx_word' id='word_1_203' title='bbox 446 2776 602 2852; x_wconf 88' lang='lat' dir='ltr'><strong>admonet,</strong></span> <span class='ocrx_word' id='word_1_204' title='bbox 622 2777 693 2860; x_wconf 89' lang='lat' dir='ltr'><strong>quid</strong></span> <span class='ocrx_word' id='word_1_205' title='bbox 714 2779 899 2858; x_wconf 87' lang='lat' dir='ltr'><strong>sequendum</strong></span> <span class='ocrx_word' id='word_1_206' title='bbox 919 2777 980 2858; x_wconf 80' lang='lat' dir='ltr'><strong>regi</strong></span> <span class='ocrx_word' id='word_1_207' title='bbox 1001 2778 1072 2859; x_wconf 90' lang='lat' dir='ltr'><strong>quid</strong></span> <span class='ocrx_word' id='word_1_208' title='bbox 1092 2779 1264 2860; x_wconf 81' lang='lat' dir='ltr'><strong>largiendum</strong></span> <span class='ocrx_word' id='word_1_209' title='bbox 1283 2778 1323 2841; x_wconf 85' lang='lat' dir='ltr'><strong>sit</strong></span> 
     </span>
     <span class='ocr_line' id='line_1_24' title="bbox 153 2881 1322 2964; baseline 0 -18"><span class='ocrx_word' id='word_1_210' title='bbox 153 2882 351 2964; x_wconf 86' lang='lat' dir='ltr'><strong>praecipiens,</strong></span> <span class='ocrx_word' id='word_1_211' title='bbox 366 2882 459 2944; x_wconf 88' lang='lat' dir='ltr'><strong>altera</strong></span> <span class='ocrx_word' id='word_1_212' title='bbox 475 2889 575 2944; x_wconf 68' lang='lat' dir='ltr'><strong>auum</strong></span> <span class='ocrx_word' id='word_1_213' title='bbox 597 2881 694 2962; x_wconf 89' lang='lat' dir='ltr'><strong>ipsum</strong></span> <span class='ocrx_word' id='word_1_214' title='bbox 716 2881 888 2964; x_wconf 84' lang='lat' dir='ltr'><strong>loquentem</strong></span> <span class='ocrx_word' id='word_1_215' title='bbox 910 2881 1023 2944; x_wconf 87' lang='lat' dir='ltr'><strong>inducit</strong></span> <span class='ocrx_word' id='word_1_216' title='bbox 1044 2882 1230 2964; x_wconf 79' lang='lat' dir='ltr'><strong>subditisque</strong></span> <span class='ocrx_word' id='word_1_217' title='bbox 1259 2883 1322 2946; x_wconf 89' lang='lat' dir='ltr'><strong>suis</strong></span> 
     </span>
     <span class='ocr_line' id='line_1_25' title="bbox 153 2983 1322 3068; baseline 0 -21"><span class='ocrx_word' id='word_1_218' title='bbox 153 2985 225 3066; x_wconf 84' lang='lat' dir='ltr'><strong>regii</strong></span> <span class='ocrx_word' id='word_1_219' title='bbox 239 2983 357 3066; x_wconf 88' lang='lat' dir='ltr'><strong>imperii</strong></span> <span class='ocrx_word' id='word_1_220' title='bbox 371 2983 459 3060; x_wconf 78' lang='lat' dir='ltr'><strong>bona,</strong></span> <span class='ocrx_word' id='word_1_221' title='bbox 474 2983 648 3063; x_wconf 79' lang='lat' dir='ltr'><strong>oligareuiae</strong></span> <span class='ocrx_word' id='word_1_222' title='bbox 662 2993 693 3045; x_wconf 89' lang='lat' dir='ltr'><strong>et</strong></span> <span class='ocrx_word' id='word_1_223' title='bbox 706 2985 903 3047; x_wconf 75' lang='lat' dir='ltr'><strong>democretius</strong></span> <span class='ocrx_word' id='word_1_224' title='bbox 916 2985 984 3046; x_wconf 77' lang='lat' dir='ltr'><strong>vitia</strong></span> <span class='ocrx_word' id='word_1_225' title='bbox 998 2995 1207 3066; x_wconf 83' lang='lat' dir='ltr'><strong>exponentem,</strong></span> <span class='ocrx_word' id='word_1_226' title='bbox 1222 2996 1252 3048; x_wconf 89' lang='lat' dir='ltr'><strong>et</strong></span> <span class='ocrx_word' id='word_1_227' title='bbox 1261 3004 1322 3068; x_wconf 75' lang='lat' dir='ltr'><strong>«quo</strong></span> 
     </span>
     <span class='ocr_line' id='line_1_26' title="bbox 153 3085 1323 3170; baseline 0.003 -22"><span class='ocrx_word' id='word_1_228' title='bbox 153 3087 245 3150; x_wconf 90' lang='lat' dir='ltr'><strong>modo</strong></span> <span class='ocrx_word' id='word_1_229' title='bbox 257 3087 321 3168; x_wconf 87' lang='lat' dir='ltr'><strong>ipse</strong></span> <span class='ocrx_word' id='word_1_230' title='bbox 332 3103 456 3167; x_wconf 88' lang='lat' dir='ltr'><strong>regnum</strong></span> <span class='ocrx_word' id='word_1_231' title='bbox 470 3085 727 3148; x_wconf 81' lang='lat' dir='ltr'><strong>administraturus</strong></span> <span class='ocrx_word' id='word_1_232' title='bbox 738 3087 777 3148; x_wconf 88' lang='lat' dir='ltr'><strong>sit</strong></span> <span class='ocrx_word' id='word_1_233' title='bbox 787 3087 1019 3167; x_wconf 85' lang='lat' dir='ltr'><strong>promittentem:</strong></span> <span class='ocrx_word' id='word_1_234' title='bbox 1032 3107 1108 3168; x_wconf 89' lang='lat' dir='ltr'><strong>quae</strong></span> <span class='ocrx_word' id='word_1_235' title='bbox 1119 3089 1240 3170; x_wconf 89' lang='lat' dir='ltr'><strong>quidem</strong></span> <span class='ocrx_word' id='word_1_236' title='bbox 1251 3107 1323 3170; x_wconf 88' lang='lat' dir='ltr'><strong>pro·</strong></span> 
     </span>
     <span class='ocr_line' id='line_1_27' title="bbox 154 3187 1324 3274; baseline 0.003 -23"><span class='ocrx_word' id='word_1_237' title='bbox 154 3189 245 3252; x_wconf 85' lang='lat' dir='ltr'><strong>missa</strong></span> <span class='ocrx_word' id='word_1_238' title='bbox 260 3206 327 3251; x_wconf 83' lang='lat' dir='ltr'><strong>vere</strong></span> <span class='ocrx_word' id='word_1_239' title='bbox 342 3187 430 3270; x_wconf 83' lang='lat' dir='ltr'><strong>regia,</strong></span> <span class='ocrx_word' id='word_1_240' title='bbox 445 3197 476 3251; x_wconf 90' lang='lat' dir='ltr'><strong>et</strong></span> <span class='ocrx_word' id='word_1_241' title='bbox 490 3188 587 3270; x_wconf 87' lang='lat' dir='ltr'><strong>qualia</strong></span> <span class='ocrx_word' id='word_1_242' title='bbox 602 3189 649 3250; x_wconf 78' lang='lat' dir='ltr'><strong>ris</strong></span> <span class='ocrx_word' id='word_1_243' title='bbox 664 3187 834 3270; x_wconf 83' lang='lat' dir='ltr'><strong>optimates,</strong></span> <span class='ocrx_word' id='word_1_244' title='bbox 849 3189 1032 3252; x_wconf 70' lang='lat' dir='ltr'><strong>nullomodo</strong></span> <span class='ocrx_word' id='word_1_245' title='bbox 1047 3202 1146 3254; x_wconf 88' lang='lat' dir='ltr'><strong>autem</strong></span> <span class='ocrx_word' id='word_1_246' title='bbox 1168 3193 1324 3274; x_wconf 86' lang='lat' dir='ltr'><strong>populares</strong></span> 
     </span>
     <span class='ocr_line' id='line_1_28' title="bbox 153 3289 1325 3376; baseline 0.003 -21"><span class='ocrx_word' id='word_1_247' title='bbox 153 3289 753 3374; x_wconf 73' lang='lat' dir='ltr'><strong>promittereaudeantsireapseNicocles</strong></span> <span class='ocrx_word' id='word_1_248' title='bbox 762 3292 1037 3373; x_wconf 83' lang='lat' dir='ltr'><strong>praestitisset,rem</strong></span> <span class='ocrx_word' id='word_1_249' title='bbox 1047 3293 1325 3376; x_wconf 87' lang='lat' dir='ltr'><strong>publicamsuheius</strong></span> 
     </span>
     <span class='ocr_line' id='line_1_29' title="bbox 155 3393 1325 3475; baseline 0.003 -18"><span class='ocrx_word' id='word_1_250' title='bbox 155 3411 247 3475; x_wconf 87' lang='lat' dir='ltr'><strong>regno</strong></span> <span class='ocrx_word' id='word_1_251' title='bbox 260 3411 332 3458; x_wconf 88' lang='lat' dir='ltr'><strong>sanc</strong></span> <span class='ocrx_word' id='word_1_252' title='bbox 341 3393 456 3457; x_wconf 70' lang='lat' dir='ltr'><strong>aarum</strong></span> <span class='ocrx_word' id='word_1_253' title='bbox 468 3395 601 3458; x_wconf 83' lang='lat' dir='ltr'><strong>laturam</strong></span> <span class='ocrx_word' id='word_1_254' title='bbox 610 3393 704 3458; x_wconf 86' lang='lat' dir='ltr'><strong>luisse</strong></span> <span class='ocrx_word' id='word_1_255' title='bbox 714 3394 867 3457; x_wconf 68' lang='lat' dir='ltr'><strong>lamudam</strong></span> <span class='ocrx_word' id='word_1_256' title='bbox 876 3407 931 3458; x_wconf 87' lang='lat' dir='ltr'><strong>est.</strong></span> <span class='ocrx_word' id='word_1_257' title='bbox 948 3395 1033 3458; x_wconf 77' lang='lat' dir='ltr'><strong>Nunc</strong></span> <span class='ocrx_word' id='word_1_258' title='bbox 1043 3407 1143 3461; x_wconf 86' lang='lat' dir='ltr'><strong>autem</strong></span> <span class='ocrx_word' id='word_1_259' title='bbox 1153 3398 1211 3461; x_wconf 86' lang='lat' dir='ltr'><strong>hoc</strong></span> <span class='ocrx_word' id='word_1_260' title='bbox 1219 3397 1325 3461; x_wconf 87' lang='lat' dir='ltr'><strong>saltem</strong></span> 
     </span>
     <span class='ocr_line' id='line_1_30' title="bbox 154 3495 1325 3582; baseline 0.005 -24"><span class='ocrx_word' id='word_1_261' title='bbox 154 3495 269 3559; x_wconf 86' lang='lat' dir='ltr'><strong>libellus</strong></span> <span class='ocrx_word' id='word_1_262' title='bbox 280 3497 328 3559; x_wconf 89' lang='lat' dir='ltr'><strong>ille</strong></span> <span class='ocrx_word' id='word_1_263' title='bbox 339 3495 602 3568; x_wconf 86' lang='lat' dir='ltr'><strong>docet,lsocratem</strong></span> <span class='ocrx_word' id='word_1_264' title='bbox 613 3514 676 3559; x_wconf 88' lang='lat' dir='ltr'><strong>non</strong></span> <span class='ocrx_word' id='word_1_265' title='bbox 685 3497 779 3579; x_wconf 82' lang='lat' dir='ltr'><strong>magis</strong></span> <span class='ocrx_word' id='word_1_266' title='bbox 787 3498 1069 3580; x_wconf 84' lang='lat' dir='ltr'><strong>quamllerodatum</strong></span> <span class='ocrx_word' id='word_1_267' title='bbox 1077 3511 1129 3564; x_wconf 88' lang='lat' dir='ltr'><strong>aut</strong></span> <span class='ocrx_word' id='word_1_268' title='bbox 1137 3501 1325 3582; x_wconf 86' lang='lat' dir='ltr'><strong>optimatium</strong></span> 
     </span>
     <span class='ocr_line' id='line_1_31' title="bbox 153 3599 1325 3686; baseline 0.003 -22"><span class='ocrx_word' id='word_1_269' title='bbox 153 3599 360 3682; x_wconf 87' lang='lat' dir='ltr'><strong>autpopularis</strong></span> <span class='ocrx_word' id='word_1_270' title='bbox 369 3599 486 3682; x_wconf 87' lang='lat' dir='ltr'><strong>imperii</strong></span> <span class='ocrx_word' id='word_1_271' title='bbox 493 3600 643 3664; x_wconf 85' lang='lat' dir='ltr'><strong>lautorem</strong></span> <span class='ocrx_word' id='word_1_272' title='bbox 654 3599 813 3678; x_wconf 67' lang='lat' dir='ltr'><strong>luusesed</strong></span> <span class='ocrx_word' id='word_1_273' title='bbox 821 3601 928 3666; x_wconf 86' lang='lat' dir='ltr'><strong>melius</strong></span> <span class='ocrx_word' id='word_1_274' title='bbox 937 3603 973 3664; x_wconf 88' lang='lat' dir='ltr'><strong>de</strong></span> <span class='ocrx_word' id='word_1_275' title='bbox 982 3621 1074 3684; x_wconf 82' lang='lat' dir='ltr'><strong>regno</strong></span> <span class='ocrx_word' id='word_1_276' title='bbox 1083 3603 1173 3667; x_wconf 86' lang='lat' dir='ltr'><strong>unius</strong></span> <span class='ocrx_word' id='word_1_277' title='bbox 1181 3621 1325 3686; x_wconf 88' lang='lat' dir='ltr'><strong>sperasse.</strong></span> 
     </span>
     <span class='ocr_line' id='line_1_32' title="bbox 154 3702 1326 3791; baseline 0.003 -25"><span class='ocrx_word' id='word_1_278' title='bbox 154 3703 328 3768; x_wconf 82' lang='lat' dir='ltr'><strong>l‘oteramus</strong></span> <span class='ocrx_word' id='word_1_279' title='bbox 342 3720 433 3786; x_wconf 86' lang='lat' dir='ltr'><strong>porro</strong></span> <span class='ocrx_word' id='word_1_280' title='bbox 448 3702 538 3767; x_wconf 88' lang='lat' dir='ltr'><strong>etiam</strong></span> <span class='ocrx_word' id='word_1_281' title='bbox 555 3702 714 3787; x_wconf 87' lang='lat' dir='ltr'><strong>discipulos</strong></span> <span class='ocrx_word' id='word_1_282' title='bbox 734 3703 872 3768; x_wconf 88' lang='lat' dir='ltr'><strong>lsocratis</strong></span> <span class='ocrx_word' id='word_1_283' title='bbox 888 3705 989 3780; x_wconf 89' lang='lat' dir='ltr'><strong>citare,</strong></span> <span class='ocrx_word' id='word_1_284' title='bbox 1008 3725 1137 3788; x_wconf 73' lang='lat' dir='ltr'><strong>«quorum</strong></span> <span class='ocrx_word' id='word_1_285' title='bbox 1157 3707 1326 3791; x_wconf 87' lang='lat' dir='ltr'><strong>complures</strong></span> 
     </span>
     <span class='ocr_line' id='line_1_33' title="bbox 153 3805 1327 3891; baseline 0.001 -19"><span class='ocrx_word' id='word_1_286' title='bbox 153 3817 348 3890; x_wconf 67' lang='lat' dir='ltr'><strong>tyrannorum</strong></span> <span class='ocrx_word' id='word_1_287' title='bbox 361 3814 553 3870; x_wconf 77' lang='lat' dir='ltr'><strong>sueuuarum</strong></span> <span class='ocrx_word' id='word_1_288' title='bbox 568 3805 681 3869; x_wconf 86' lang='lat' dir='ltr'><strong>amicas</strong></span> <span class='ocrx_word' id='word_1_289' title='bbox 694 3815 727 3870; x_wconf 88' lang='lat' dir='ltr'><strong>et</strong></span> <span class='ocrx_word' id='word_1_290' title='bbox 739 3805 905 3870; x_wconf 83' lang='lat' dir='ltr'><strong>laudatores</strong></span> <span class='ocrx_word' id='word_1_291' title='bbox 918 3806 1010 3870; x_wconf 83' lang='lat' dir='ltr'><strong>luisse</strong></span> <span class='ocrx_word' id='word_1_292' title='bbox 1031 3807 1216 3891; x_wconf 87' lang='lat' dir='ltr'><strong>accepimus,</strong></span> <span class='ocrx_word' id='word_1_293' title='bbox 1234 3809 1327 3873; x_wconf 84' lang='lat' dir='ltr'><strong>Phili·</strong></span> 
     </span>
     <span class='ocr_line' id='line_1_34' title="bbox 154 3907 1326 3995; baseline 0 -19"><span class='ocrx_word' id='word_1_294' title='bbox 154 3919 246 3986; x_wconf 85' lang='lat' dir='ltr'><strong>stum,</strong></span> <span class='ocrx_word' id='word_1_295' title='bbox 261 3909 472 3984; x_wconf 68' lang='lat' dir='ltr'><strong>amedeum,</strong></span> <span class='ocrx_word' id='word_1_296' title='bbox 482 3908 722 3993; x_wconf 78' lang='lat' dir='ltr'><strong>Theopompum,</strong></span> <span class='ocrx_word' id='word_1_297' title='bbox 738 3907 931 3985; x_wconf 70' lang='lat' dir='ltr'><strong>Naucratem</strong></span> <span class='ocrx_word' id='word_1_298' title='bbox 945 3910 997 3972; x_wconf 83' lang='lat' dir='ltr'><strong>sed</strong></span> <span class='ocrx_word' id='word_1_299' title='bbox 1009 3907 1253 3993; x_wconf 80' lang='lat' dir='ltr'><strong>praevertendum</strong></span> <span class='ocrx_word' id='word_1_300' title='bbox 1267 3929 1326 3995; x_wconf 88' lang='lat' dir='ltr'><strong>pu·</strong></span> 
     </span>
     <span class='ocr_line' id='line_1_35' title="bbox 155 4011 1327 4098; baseline 0.003 -21"><span class='ocrx_word' id='word_1_301' title='bbox 155 4024 256 4077; x_wconf 86' lang='lat' dir='ltr'><strong>tamus</strong></span> <span class='ocrx_word' id='word_1_302' title='bbox 266 4011 303 4076; x_wconf 86' lang='lat' dir='ltr'><strong>ad</strong></span> <span class='ocrx_word' id='word_1_303' title='bbox 318 4031 380 4086; x_wconf 87' lang='lat' dir='ltr'><strong>eos,</strong></span> <span class='ocrx_word' id='word_1_304' title='bbox 395 4011 447 4094; x_wconf 87' lang='lat' dir='ltr'><strong>qui</strong></span> <span class='ocrx_word' id='word_1_305' title='bbox 461 4013 627 4077; x_wconf 82' lang='lat' dir='ltr'><strong>accuratim</strong></span> <span class='ocrx_word' id='word_1_306' title='bbox 641 4020 672 4075; x_wconf 91' lang='lat' dir='ltr'><strong>et</strong></span> <span class='ocrx_word' id='word_1_307' title='bbox 686 4013 754 4076; x_wconf 89' lang='lat' dir='ltr'><strong>data</strong></span> <span class='ocrx_word' id='word_1_308' title='bbox 768 4029 860 4094; x_wconf 88' lang='lat' dir='ltr'><strong>opera</strong></span> <span class='ocrx_word' id='word_1_309' title='bbox 872 4011 910 4077; x_wconf 87' lang='lat' dir='ltr'><strong>de</strong></span> <span class='ocrx_word' id='word_1_310' title='bbox 924 4013 1012 4076; x_wconf 80' lang='lat' dir='ltr'><strong>variis</strong></span> <span class='ocrx_word' id='word_1_311' title='bbox 1023 4012 1066 4077; x_wconf 86' lang='lat' dir='ltr'><strong>rei</strong></span> <span class='ocrx_word' id='word_1_312' title='bbox 1077 4012 1211 4098; x_wconf 82' lang='lat' dir='ltr'><strong>publicae</strong></span> <span class='ocrx_word' id='word_1_313' title='bbox 1220 4014 1327 4080; x_wconf 79' lang='lat' dir='ltr'><strong>larmir</strong></span> 
     </span>
    </p>
   </div>
   <div class='ocr_carea' id='block_1_3' title="bbox 154 4113 1328 4202">
    <p class='ocr_par' dir='ltr' id='par_1_3' title="bbox 154 4113 1328 4202">
     <span class='ocr_line' id='line_1_36' title="bbox 154 4113 1328 4202; baseline 0.002 -21"><span class='ocrx_word' id='word_1_314' title='bbox 154 4115 280 4200; x_wconf 83' lang='lat' dir='ltr'><strong>eiusque</strong></span> <span class='ocrx_word' id='word_1_315' title='bbox 294 4113 409 4198; x_wconf 87' lang='lat' dir='ltr'><strong>optimo</strong></span> <span class='ocrx_word' id='word_1_316' title='bbox 422 4130 531 4198; x_wconf 71' lang='lat' dir='ltr'><strong>genus</strong></span> <span class='ocrx_word' id='word_1_317' title='bbox 552 4113 750 4198; x_wconf 89' lang='lat' dir='ltr'><strong>disputarunt,</strong></span> <span class='ocrx_word' id='word_1_318' title='bbox 766 4131 905 4196; x_wconf 92' lang='lat' dir='ltr'><strong>quorum,</strong></span> <span class='ocrx_word' id='word_1_319' title='bbox 926 4133 1021 4198; x_wconf 89' lang='lat' dir='ltr'><strong>quum</strong></span> <span class='ocrx_word' id='word_1_320' title='bbox 1036 4117 1202 4182; x_wconf 86' lang='lat' dir='ltr'><strong>multarum</strong></span> <span class='ocrx_word' id='word_1_321' title='bbox 1217 4118 1328 4202; x_wconf 80' lang='lat' dir='ltr'><strong>scripta</strong></span> 
     </span>
    </p>
   </div>
   <div class='ocr_carea' id='block_1_4' title="bbox 157 4317 360 4333">
    <p class='ocr_par' dir='ltr' id='par_1_4' title="bbox 157 4317 360 4333">
     <span class='ocr_line' id='line_1_37' title="bbox 157 4317 360 4333; baseline 0 -1"><span class='ocrx_word' id='word_1_322' title='bbox 157 4317 360 4333; x_wconf 51' lang='grc' dir='ltr'><strong>*ιι-</strong></span> 
     </span>
    </p>
   </div>
   <div class='ocr_carea' id='block_1_5' title="bbox 226 4419 658 4488">
    <p class='ocr_par' dir='ltr' id='par_1_5' title="bbox 226 4419 658 4488">
     <span class='ocr_line' id='line_1_38' title="bbox 226 4419 658 4488; baseline 0.009 -12"><span class='ocrx_word' id='word_1_323' title='bbox 226 4423 269 4488; x_wconf 82' lang='lat'><strong>1⁰)</strong></span> <span class='ocrx_word' id='word_1_324' title='bbox 285 4419 344 4474; x_wconf 76' lang='lat' dir='ltr'><strong>ua.</strong></span> <span class='ocrx_word' id='word_1_325' title='bbox 360 4419 394 4476; x_wconf 93' lang='lat' dir='ltr'><strong>lll</strong></span> <span class='ocrx_word' id='word_1_326' title='bbox 411 4437 435 4476; x_wconf 82' lang='lat' dir='ltr'><strong>c.</strong></span> <span class='ocrx_word' id='word_1_327' title='bbox 452 4422 574 4477; x_wconf 79' lang='lat' dir='ltr'><strong>su—sa.</strong></span> <span class='ocrx_word' id='word_1_328' title='bbox 656 4475 658 4480; x_wconf 91' lang='lat'><em>.</em></span> 
     </span>
    </p>
   </div>
   <div class='ocr_carea' id='block_1_6' title="bbox 0 0 1648 4958">
    <p class='ocr_par' dir='ltr' id='par_1_6' title="bbox 0 0 1648 4958">
     <span class='ocr_line' id='line_1_39' title="bbox 0 0 1648 4958; baseline 0 0"><span class='ocrx_word' id='word_1_329' title='bbox 0 0 1648 4958; x_wconf 95' lang='lat' dir='ltr'><strong> </strong></span> 
     </span>
    </p>
   </div>
  </div>
 </body>
</html>
