3182 4962
734 478 889 581 ,ιι-ρ-

231 675 362 741 titudinis
377 673 468 739 duces
483 672 694 739 commendant
708 671 897 756 consiliisque
912 667 975 735 suis
992 675 1179 754 opportunos
1190 671 1306 750 putant,
1321 683 1397 750 quae

230 781 350 864 quidem
373 779 399 843 sl
420 779 611 862 perfecerint,
634 785 735 841 actum
757 777 814 842 erit
836 777 872 840 de
894 793 927 840 re
949 774 1075 857 publica.
1113 771 1397 836 verumenimvero

229 885 365 968 quamvis
385 885 521 966 gravibus
542 881 589 946 lais
611 882 695 944 malis
717 881 903 955 laboremus,
924 896 985 942 non
1008 877 1116 941 desunt
1136 884 1237 939 tamen
1256 875 1396 938 remedia·

230 989 364 1052 Primum
378 987 460 1051 enim
475 984 605 1050 vertutis
619 984 714 1067 ipsius
729 1004 762 1048 ea
778 983 822 1047 ais
836 991 891 1060 cat,
914 993 948 1046 ut
963 980 1114 1046 obscurari
1130 979 1250 1064 quidem
1266 979 1303 1042 ad
1319 986 1398 1040 tcm-

229 1109 296 1174 pua‚
310 1109 464 1174 nunquam
481 1100 582 1154 tamen
596 1089 726 1169 extingui
742 1088 845 1174 possit,
860 1086 912 1150 aed
924 1085 1026 1150 uictrix
1037 1085 1157 1148 tandem
1169 1087 1302 1164 emergat
1316 1083 1399 1145 lrau·

230 1195 334 1277 disque
349 1204 379 1257 et
392 1193 503 1258 erroris
518 1193 639 1256 nebulas
654 1191 798 1273 dispellat.
821 1190 882 1253 Nec
895 1207 967 1252 eane
981 1207 1105 1270 parsum
1122 1189 1180 1250 iam
1196 1203 1277 1250 nunc
1291 1203 1399 1248 nume·

230 1317 298 1362 rum
313 1317 378 1360 csse
389 1297 529 1366 ,videmus
544 1313 648 1358 eorum
665 1295 726 1376 qui,
743 1312 836 1377 quum
852 1292 1032 1373 aliquamdiu
1053 1291 1149 1374 decipi
1169 1310 1202 1354 ee
1224 1309 1240 1353 a
1261 1287 1399 1372 pessimis

231 1401 451 1466 consultoribus
465 1397 544 1482 passi
559 1407 674 1472 mmet,
696 1398 840 1461 bactenua
860 1399 964 1460 saltem
985 1395 1189 1478 resipuerunt,
1210 1402 1244 1456 ut
1258 1393 1284 1458 si
1299 1392 1400 1455 minue

231 1515 331 1591 aperte
346 1503 559 1588 poenitentiam
574 1501 684 1565 erroris
699 1519 768 1584 prae
783 1519 816 1564 se
831 1499 980 1564 lerant-
990 1498 1019 1562 id
1035 1499 1115 1562 enim
1130 1507 1182 1561 aut
1196 1496 1319 1560 invidiae
1335 1515 1400 1560 ιιιι-

230 1619 279 1672 tus
293 1615 344 1672 aut
359 1609 448 1672 salsus
464 1605 562 1691 pudor
575 1605 724 1690 prohibet,
735 1637 779 1651 -
790 1613 890 1667 tamen
903 1603 957 1680 eie,
973 1603 1024 1686 qui
1039 1601 1207 1666 conseruari
1222 1619 1285 1664 rem
1301 1599 1400 1682 publi·

231 1731 295 1778 mm
312 1714 423 1786 voluat,
444 1729 505 1774 non
520 1709 647 1792 amplius
660 1709 861 1785 adversemur,
881 1707 934 1772 sed
954 1707 1102 1772 abstinere
1117 1705 1246 1788 partium
1262 1697 1400 1768 certami-

231 1818 319 1881 nibus
341 1816 464 1880 malint:
485 1815 669 1887 ablauium,
690 1813 828 1876 meliores
851 1811 999 1895 magisque
1019 1809 1110 1875 civilis
1131 1809 1220 1873 cilicii
1241 1824 1401 1882 memores,

232 1920 345 1984 artibus
359 1931 391 1983 st
413 1916 680 1984 machinationibus
702 1916 932 1998 demagogorum
952 1915 1042 1978 etiam
1063 1911 1261 1977 resistendum
1282 1909 1402 1974 lortiter

232 2023 488 2104 esee'intclligunt,
505 2022 712 2102 bonorumque
726 2037 844 2085 caueam
861 2037 916 2101 pro
928 2017 1001 2082 virili
1013 2025 1095 2100 parte
1106 2016 1247 2080 tuendam
1259 2014 1401 2078 adiuvan-

189 2133 192 2140 “
234 2127 372 2208 dantque.
409 2126 504 2189 Porro
525 2124 668 2188 babemus
689 2123 719 2186 in
738 2123 780 2188 rei
800 2122 933 2207 publicae
948 2127 1067 2185 nostrae
1082 2120 1294 2184 constitutione
1309 2117 1399 2182 etiam

234 2229 347 2310 legibue
368 2239 503 2310 paratum
525 2227 705 2310 praesidium
727 2227 867 2290 adsersus
890 2225 965 2289 istae
987 2225 1052 2288 eius
1073 2242 1240 2297 evomeres,
1262 2231 1401 2286 senatum

234 2331 318 2394 illum
333 2350 394 2394 non
408 2332 444 2396 ad
460 2331 577 2395 mobilia
592 2338 623 2394 et
638 2330 789 2414 imperitae
812 2329 1010 2393 multitudinis
1029 2328 1226 2391 temeritatem
1243 2337 1272 2390 et
1287 2327 1403 2411 cupidi·

236 2443 327 2497 tatem
343 2437 518 2506 condatum,
541 2435 627 2514 quale
649 2443 694 2495 ost
715 2433 785 2496 illud
808 2440 1009 2495 trecentorum
1028 2437 1059 2493 et
1074 2431 1285 2513 quinquaginta
1300 2430 1402 2494 eonci-
1441 2447 1443 2452 ’
1565 2411 1566 2444 l

237 2537 320 2609 lium,
335 2537 387 2618 qui
401 2535 489 2598 tertio
504 2553 622 2617 quoque
638 2553 716 2598 anno
732 2534 883 2619 popularis
898 2553 986 2598 aurae
1001 2535 1073 2596 llatu
1088 2533 1327 2608 constituuntur,
1349 2533 1402 2597 scd

198 2625 203 2634 ’
235 2639 383 2703 esaniorc
398 2645 480 2722 parte
496 2639 596 2722 pupuli
612 2639 772 2712 selectum,
794 2639 825 2701 b.
846 2657 873 2701 e.
895 2657 931 2701 ax
952 2637 1001 2712 iis,
1024 2656 1100 2720 quoa
1122 2637 1338 2702 conservandae
1360 2635 1404 2699 rei
1458 2671 1462 2680 =

235 2741 367 2824 publicae
383 2761 472 2824 quam
488 2743 671 2818 evertendae,
692 2741 852 2824 tuendique
867 2741 930 2806 elue
944 2747 1040 2806 status
1055 2761 1144 2825 quam
1161 2741 1261 2805 omnia
1275 2737 1404 2804 notandi
1460 2773 1463 2780 ·

235 2845 428 2910 studiosiores
442 2866 510 2909 esse
529 2853 761 2911 consentaneum
782 2855 837 2910 est.
874 2847 949 2910 liam
972 2865 1102 2930 quorum
1122 2853 1174 2908 aut
1196 2863 1318 2928 magnae
1337 2851 1404 2907 eta

236 2947 396 3012 maioribus
412 2949 535 3014 traditae
550 2950 755 3033 possessiones
770 2949 855 3031 quasi
871 2969 924 3034 pro
940 2951 1062 3032 pignore
1076 2956 1148 3012 sunt
1158 2949 1199 3012 rei
1211 2949 1354 3031 publicae,
1365 2965 1403 3010 ne

139 3095 148 3105 ,
237 3051 308 3134 quid
324 3063 435 3116 temore
449 3053 607 3116 admittant
621 3053 701 3136 quod
718 3052 891 3138 perturbare
905 3053 969 3115 eius
984 3061 1095 3115 statum
1111 3051 1223 3134 possit,
1242 3060 1294 3114 aut
1308 3051 1358 3132 qui
1373 3049 1404 3112 in

237 3153 416 3236 gravioribus
431 3156 620 3237 reipublicae
636 3155 762 3237 negotiis
783 3155 1022 3218 administrandis
1045 3155 1150 3218 idonea
1171 3155 1229 3218 iam
1250 3152 1404 3237 probitatis

237 3265 268 3319 ct
283 3257 455 3337 prudentiae
472 3257 649 3320 documenta
665 3258 831 3331 ediderunt,
853 3268 904 3322 aut
919 3258 969 3340 qui
985 3258 1135 3320 doctrinae
1149 3257 1296 3320 solidioris
1311 3257 1404 3339 copiis

238 3357 374 3421 instructi
391 3365 577 3442 maximaque
592 3361 912 3443 priorumtemporum
935 3359 1058 3423 historia
1078 3360 1175 3424 edocti
1189 3359 1298 3443 aliquid
1313 3359 1405 3424 etiam

239 3460 329 3526 civilis
346 3461 516 3545 prudentiae
533 3462 696 3529 hauserunt
710 3473 761 3529 aut
777 3463 910 3547 potuisse
931 3463 1037 3526 saltem
1058 3463 1176 3528 haurire
1199 3463 1349 3538 videntur,
1369 3482 1406 3528 ex

238 3565 285 3629 lais
300 3575 434 3629 sonatum
451 3565 534 3631 illum
549 3569 731 3651 superiorem
747 3568 874 3633 electum
890 3567 1045 3646 babemus,
1061 3567 1199 3632 ductibus
1214 3567 1406 3651 popularibus

239 3669 339 3732 minus
354 3668 515 3734 obnoxium
530 3689 585 3734 nec
598 3665 683 3735 lacile
697 3671 733 3733 ad
748 3671 857 3734 uariam
869 3669 954 3734 uariis
966 3671 1151 3756 temporibus
1161 3671 1313 3735 libidinem
1326 3673 1406 3734 mul·

239 3771 371 3835 titudinis
386 3773 575 3849 mutabilem,
597 3773 647 3838 sed
668 3783 855 3839 constantem
877 3793 1023 3858 veraeque
1037 3784 1068 3839 et
1081 3793 1170 3840 sanae
1184 3775 1307 3839 rationis
1322 3784 1407 3838 tena-

239 3875 366 3940 ciorem:
388 3875 472 3940 euius
486 3877 627 3958 gravitate
642 3887 672 3941 et
686 3877 841 3960 prudentia
855 3887 890 3942 ut
902 3878 1103 3961 refringantur
1116 3887 1148 3942 et
1161 3879 1343 3964 repellantur
1357 3897 1408 3943 ca·

238 3977 296 4041 lida
310 3987 341 4040 et
356 3979 513 4042 tememria
528 3979 647 4045 alteriue
662 3990 825 4044 conventus
840 3981 961 4046 consilia
976 3990 1097 4046 cautum
1112 3990 1169 4056 eat,
1184 3983 1273 4046 huius
1285 3983 1358 4046 scita
1370 3999 1408 4046 ne

123 4137 129 4144 .
238 4081 354 4144 ualeam
370 4081 426 4144 niel
440 4101 474 4145 ea
487 4091 608 4145 senatus
623 4082 790 4165 probaverit
800 4083 969 4148 auctoritas.
992 4085 1153 4148 Sioautem
1165 4103 1259 4168 quum
1271 4084 1336 4148 lleri
1347 4101 1409 4148 non

240 4183 352 4266 possit,
377 4183 449 4266 quin
473 4184 629 4266 aliquoties
650 4185 723 4250 baec
737 4185 797 4250 duo
811 4185 855 4250 rei
870 4184 1004 4268 publicae
1018 4185 1139 4251 consilia
1153 4187 1232 4250 inter
1245 4205 1278 4252 se
1292 4187 1410 4250 dissen-

240 4283 325 4357 tiant,
342 4303 477 4367 quaeque
495 4285 652 4369 populares
667 4286 772 4370 cupide
787 4297 939 4371 expetunt,
960 4307 995 4353 ea
1009 4287 1047 4352 ab
1062 4288 1254 4372 optimatibus
1268 4297 1410 4354 coustan-

240 4393 288 4450 ter
309 4387 496 4464 adiciantur,
518 4398 607 4472 atque
629 4388 699 4453 binc
720 4391 881 4454 certamina
902 4391 1068 4456 excitentur
1089 4401 1172 4456 tanto
1193 4409 1411 4474 nonnunquam
1539 4399 1540 4402 ’

240 4489 365 4566 acriora,
386 4501 497 4572 quanto
517 4493 612 4574 magis
630 4491 673 4578 illi
687 4493 874 4574 popularium
890 4495 980 4560 duces
994 4502 1133 4560 seuatutn
1147 4495 1332 4562 criminando
1344 4495 1411 4578 ple·
