3186 4958
772 605 804 612 ..
825 513 887 612 13⁸„
903 606 921 613 ..

266 720 328 766 esse
343 711 457 784 poscat,
472 719 553 766 nuno
569 702 604 765 ad
620 701 857 785 aequabilitatem
874 705 934 768 duo
949 721 1051 766 versus
1066 703 1320 768 desiderabuntur.
1343 705 1433 770 Recte
1487 741 1491 750 ·

263 804 350 886 igitur
363 805 420 868 hos
435 825 538 871 versus
553 807 643 870 ceteri
658 827 774 871 seruare
790 809 967 880 maduerunt,
983 807 1052 869 licet
1066 825 1187 870 sensum
1200 807 1359 872 uerborum
1371 827 1432 873 non

265 908 334 972 sotis
350 919 429 973 recte
450 911 663 994 perspexerint.
713 913 755 976 De
781 913 914 974 universo
940 909 1060 992 quidem
1087 909 1178 972 totius
1204 909 1260 972 loci
1286 914 1431 976 sententio

262 1011 352 1074 errori
367 1011 449 1075 nuiio
464 1013 555 1076 nrodo
571 1013 683 1096 potuit:
699 1015 808 1078 chorus
823 1015 919 1088 enirn,
941 1023 1133 1096 posteaquam
1155 1012 1338 1096 iniquitatem
1354 1015 1431 1079 iudi-

262 1114 376 1177 ciorum
399 1125 582 1197 conquestus
603 1127 663 1192 em,
685 1137 741 1199 quo
762 1136 858 1200 nuper
876 1117 1073 1200 Thucydides,
1095 1135 1185 1180 senex
1208 1117 1375 1200 decrepitus
1398 1137 1432 1183 ao

262 1216 345 1298 piene
369 1218 512 1280 inmiidue
527 1219 760 1284 orioiescentibus
775 1232 806 1284 et
821 1221 916 1302 lingua
933 1221 1078 1302 promptis
1093 1221 1313 1284 acmsatorious
1329 1222 1430 1286 obiee-

260 1327 318 1391 tus‚
333 1319 433 1402 grandi
450 1321 574 1402 pecunia
592 1323 732 1386 multatus
753 1333 825 1396 erat,
847 1323 1062 1387 occurrendum
1083 1323 1134 1386 tadi
1157 1323 1302 1404 iniquitati
1326 1325 1355 1386 in
1374 1345 1429 1407 po-

260 1431 372 1484 sterum
387 1423 431 1486 sio
445 1443 510 1487 osse
525 1431 669 1499 autumat,
688 1435 721 1488 ut
736 1427 765 1488 in
778 1426 990 1508 persequendis
1001 1425 1097 1488 causis
1111 1425 1232 1508 pubiicie
1244 1426 1352 1510 ntiquid
1366 1429 1429 1491 dis-

261 1525 392 1588 criminis
413 1526 603 1602 observetur,
624 1523 724 1615 χωρὶς
747 1517 833 1592 sione
855 1525 915 1606 τιὶς
938 1522 1077 1614 γραφάς,
1101 1549 1126 1590 v.
1148 1529 1221 1604 714,
1251 1540 1281 1592 et
1307 1532 1425 1613 quidem

259 1629 423 1693 seeundum
450 1641 586 1708 oetatem,
617 1633 646 1696 Ιι.
672 1653 698 1696 e.
721 1635 765 1698 sio
783 1643 817 1698 ut
843 1645 945 1697 ιιιιιῑιο
972 1653 1074 1697 senem
1106 1653 1189 1698 reum
1220 1653 1309 1698 senex
1339 1637 1428 1700 otiam

260 1726 446 1821 συνήγορος,
462 1737 633 1802 odoiosrons
650 1757 719 1802 roro
735 1745 838 1803 contro
853 1739 1070 1802 adolescentem
1086 1749 1203 1803 tanturm
1221 1740 1428 1818 constituatur,

260 1833 355 1919 ὅπως
377 1832 417 1904 dv
438 1828 460 1927 ᾖ
482 1839 529 1928 τῷ
552 1837 677 1926 γέροντι
701 1838 762 1924 μὲν
783 1836 884 1926 γε’ροιν
905 1837 962 1906 καὶ
984 1839 1090 1919 νωδὰς
1111 1835 1129 1906 ὁ
1152 1837 1335 1927 ξυνήγορος,
1357 1844 1428 1920 τοῖς

259 1938 367 2009 νέοισι
390 1935 421 2008 δ’
442 1937 673 2027 εὐρύπρωκτος
694 1943 752 2010 καὶ
773 1941 874 2023 λάλος
895 1939 943 2024 χαλ
971 1940 1138 2010 Κλεινιόιι.
1187 1949 1219 2011 ld
1241 1949 1343 2030 utique
1363 1948 1427 2012 steri

259 2047 380 2111 debore:
403 2057 535 2112 soterum
552 2050 623 2114 nihii
639 2052 766 2122 obstare,
783 2051 943 2133 quominus
963 2051 1039 2114 sicut
1058 2051 1128 2114 oiim
1152 2051 1195 2114 sio
1214 2051 1303 2114 etiam
1320 2053 1350 2115 in
1371 2072 1426 2135 po·

258 2160 370 2214 storum
386 2161 415 2214 et
430 2152 459 2215 in
474 2153 594 2217 esitium
609 2154 716 2236 uliquis
731 2165 841 2236 agatur,
858 2165 887 2217 et
902 2173 972 2218 reus
988 2155 1320 2230 incommomodum,
1337 2156 1426 2219 tlnnt-

258 2255 402 2318 modone
423 2257 507 2319 aliter
528 2277 616 2338 quom
637 2277 725 2322 senex
752 2259 826 2324 seni.
852 2259 1023 2322 adolescens
1048 2258 1226 2322 adolescenti
1252 2259 1424 2322 accusatori.

258 2359 336 2422 diaeo
357 2359 436 2422 enim
459 2359 531 2422 ntiid
553 2363 698 2424 sententia
720 2373 940 2446 postremorum
963 2363 1091 2425 duorum
1107 2379 1246 2424 versuum
1262 2381 1328 2424 esse
1343 2362 1426 2424 ride·

257 2467 315 2538 tur,
331 2481 427 2544 nequo
443 2465 577 2528 assentiri
595 2465 628 2526 iis
649 2483 780 2547 possum,
802 2465 853 2548 qui
868 2459 1052 2542 ἐξελαύνειν
1072 2463 1144 2526 nihii
1164 2464 1241 2527 atiud
1260 2465 1424 2544 significuus

255 2567 422 2638 votuerunt.
439 2586 528 2648 quom
544 2577 595 2630 out
610 2586 754 2640 serore,
767 2569 972 2650 exagitare,
989 2576 1040 2630 aut
1054 2567 1141 2629 etium
1158 2567 1189 2630 in
1205 2566 1261 2629 ius
1278 2586 1422 2638 vocare.

255 2685 384 2750 qnorum
401 2667 526 2730 alterum
548 2669 723 2740 iiiirireekio,
744 2670 870 2732 altorum
892 2673 925 2732 d.
940 2671 1061 2733 diuidere
1077 2669 1195 2750 placuit,
1212 2679 1350 2730 neutrum
1366 2687 1421 2731 au-

255 2779 316 2832 tem
338 2771 428 2832 utinm
449 2791 485 2832 er
507 2789 562 2834 usu
582 2771 721 2852 loquendi
737 2772 1025 2834 conrnrondationem
1049 2772 1145 2834 itabet.
1191 2771 1231 2833 lie
1247 2769 1333 2832 exilio
1347 2769 1423 2832 irro-

256 2871 353 2951 gando
369 2866 554 2948 ἐξελαύνειν
568 2873 625 2935 dim
641 2873 830 2936 notissimum
852 2883 914 2950 νοις
937 2891 1031 2952 neque
1052 2873 1227 2936 mirabimur·
1246 2872 1323 2935 exilii
1343 2891 1424 2936 nuno

255 2974 437 3036 mentionem
454 2974 526 3047 nori,
543 2993 636 3056 quum
657 2976 694 3036 de
714 2977 883 3058 'iirunydide
903 2976 1012 3038 etrorm
1027 2974 1112 3046 dicat,
1133 2993 1222 3056 quem
1239 2980 1354 3036 consini
1369 2975 1423 3037 nii·

256 3095 316 3158 quo
342 3085 410 3140 onte
436 3085 532 3140 notam
558 3076 635 3139 hono
659 3077 787 3140 febrilem
814 3087 950 3160 tompore
976 3085 1121 3139 testarum
1140 3076 1278 3157 suffragio
1304 3078 1421 3139 exulare

256 3178 370 3243 iussum
387 3199 463 3242 osse.
508 3179 540 3241 ld
556 3180 674 3260 quondo
689 3181 853 3243 sontum'sit
868 3199 929 3244 non
945 3179 1064 3261 quidem
1081 3187 1161 3240 oerto
1177 3179 1291 3240 definiri
1315 3189 1422 3260 potest,

256 3301 422 3365 magnaque
437 3291 484 3344 est
499 3283 629 3346 uirorum
645 3283 812 3360 doctorum,
833 3283 884 3365 qui
905 3283 960 3345 dono
974 3283 1010 3344 de
1025 3299 1056 3344 re
1072 3279 1288 3362 quaesiverunt,
1305 3281 1421 3344 dissen-

254 3383 314 3448 sio:
324 3403 477 3467 egonuoo,
487 3385 538 3468 qui
550 3395 709 3450 rotrooture
722 3385 886 3450 uniuersam
900 3385 1103 3468 quaestionem
1116 3383 1173 3448 hoo
1187 3385 1252 3446 loeo
1264 3401 1420 3465 nequeam,

256 3487 315 3552 hoo
331 3498 446 3552 tontum
462 3489 568 3563 dicem,
586 3489 674 3552 rideri
695 3490 812 3572 quidem
835 3509 923 3574 posse
937 3487 1139 3570 'iirucydidem
1159 3503 1221 3550 non
1242 3485 1337 3549 multo
1352 3499 1420 3550 anto

255 3591 332 3656 hano
356 3590 485 3656 fatuum
512 3605 608 3656 aotam
634 3603 769 3676 temporo
794 3593 923 3656 Athenas
949 3609 1119 3663 reversum,
1150 3589 1249 3672 ibique
1282 3607 1352 3652 mox
1383 3589 1420 3653 ab

253 3695 435 3770 advorsariis,
452 3695 552 3760 neseio
567 3715 627 3779 quo
642 3697 775 3768 crimino,
791 3715 845 3780 per
860 3687 1067 3778 εἰσαγγελίαν
1082 3694 1111 3756 in
1126 3693 1172 3756 ius
1186 3699 1322 3756 vocatum
1339 3713 1419 3770 essm

254 3799 400 3862 veriorem
421 3808 522 3862 tamen
542 3797 620 3861 haud
642 3797 730 3862 dubio
749 3816 855 3862 eorum
877 3818 942 3863 osso
956 3797 1148 3870 sententium.
1172 3793 1224 3878 qui
1243 3795 1418 3859 ostraoismo
1455 3815 1457 3820 ·
1496 3860 1497 3864 ,

255 3920 325 3964 eum
341 3901 400 3964 inm
416 3901 518 3964 multis
533 3909 602 3964 ante
615 3901 715 3975 οιιοίε,
734 3900 803 3964 ciro.
824 3902 869 3967 ΟΙ.
890 3902 960 3977 snt
985 3901 1073 3980 (444)
1093 3899 1249 3981 expulsum
1270 3916 1336 3960 osse
1355 3905 1418 3960 sttt·

252 4010 384 4067 tuoruot.
432 4003 631 4085 Posteaquam
651 4013 751 4067 autem
773 4003 804 4066 iu
823 4003 948 4088 patrium
972 4020 1108 4068 reuersus
1127 4007 1234 4064 ost-
1254 3995 1333 4080 quod
1357 4016 1418 4080 quo

253 4113 389 4188 ternpore
404 4105 515 4169 iactum
531 4105 570 4169 sit
583 4117 665 4170 serto
680 4105 748 4170 seiri
762 4125 825 4170 non
839 4113 938 4190 potest
951 4138 993 4152 -
1008 4104 1089 4170 brevi
1108 4113 1175 4166 ante
1195 4111 1291 4166 aotam
1307 4101 1417 4164 dchar-

252 4205 389 4270 nensium
404 4206 533 4271 tabulam
549 4217 683 4292 tempore
697 4219 851 4273 accusatus
866 4229 882 4275 s
897 4207 1114 4292 Cephisodemo
1135 4205 1288 4287 multaque
1307 4203 1335 4267 ei
1349 4221 1417 4285 qra-

253 4304 372 4373 rissiroa
384 4307 522 4394 imposito
533 4320 587 4384 ost,
603 4330 797 4394 quamquem
812 4312 926 4376 solvere
941 4329 1003 4376 oon
1019 4319 1120 4394 posset
1133 4326 1238 4373 rursus
1252 4307 1283 4370 in
1298 4306 1417 4371 exitium

252 4407 296 4473 ire
310 4413 538 4494 mactarent).
575 4413 651 4479 idios
663 4425 763 4480 sutem
778 4415 842 4479 tisri
857 4415 903 4480 ris
918 4415 1024 4498 potuit,
1040 4413 1112 4498 quio
1126 4413 1253 4484 Cinorus,
1273 4409 1416 4474 condem·

253 4509 453 4611 *di-ftis:
459 4547 542 4604 Arist.
559 4548 636 4618 vesp.
652 4565 679 4604 ν.
697 4551 747 4606 w
760 4550 791 4605 sd
803 4551 869 4606 Ιιειο
879 4549 1037 4623 Τλεογλλλλι
1048 4548 1280 4604 mode-sodomi
1295 4543 1417 4613 pertinet,

252 4627 298 4684 ubi
310 4629 391 4685 reon
402 4633 510 4688 verbu
521 4632 647 4708 φεύγειν,
663 4653 712 4708 que
729 4637 793 4692 odd
808 4637 861 4692 sisi
871 4645 959 4693 reatos
970 4637 1138 4706 ιλςολίεειεε,
1150 4649 1282 4704 pemm-
1293 4632 1326 4686 do
1336 4629 1418 4684 exilio
