3186 4958
663 389 813 490 Q

156 578 308 644 cuiusdam
324 581 436 645 Atticae
455 583 582 665 regionis
597 581 761 666 proprium.
792 580 854 644 dioc
868 580 987 664 quidem
1004 578 1127 642 Leattus
1142 578 1260 654 statuit,
1283 578 1317 641 de

157 683 251 748 dennis
266 703 295 768 p.
311 684 347 760 t,
367 685 505 750 inductus
520 687 662 770 Stephani
679 687 746 769 lips.
767 685 832 748 loco
853 704 878 748 s.
902 703 929 746 r.
944 675 1094 770 pcdicis,
1115 702 1204 764 quern
1220 685 1317 748 iocum

157 787 207 870 spui
222 789 386 854 accuratius
401 787 571 872 inspexerit,
586 789 783 852 coniecturam
799 797 914 852 tautunr
930 805 947 849 a
963 788 1114 868 Steptunn
1129 787 1240 868 parenni.
1259 804 1318 850 non

156 909 219 953 rem
235 891 416 972 exprinratanr
432 893 507 956 tradi
521 891 672 972 intuitiget.
698 893 835 953 Ceterum
848 891 872 953 si
885 908 987 952 aarum
999 899 1088 962 esset,
1104 891 1183 970 qued
1196 890 1318 952 testatus

156 993 288 1066 credidit,
304 994 455 1057 Piretieurn
473 995 562 1058 istum
578 995 696 1076 proprie
710 993 823 1056 dictum
838 993 868 1055 in
885 993 995 1056 liiacria
1009 992 1101 1054 fuisse
1115 1011 1210 1074 prope
1224 992 1318 1056 tlara·

156 1096 290 1166 tironem.
305 1097 484 1160 refutaretur
498 1097 541 1161 sic
555 1115 658 1161 eorum
674 1095 789 1178 opinio,
810 1095 860 1178 qui
877 1095 1062 1175 iiicaeopnlin
1077 1095 1220 1157 atcitaruis
1235 1095 1317 1156 natt-

156 1203 218 1260 tarc
239 1205 421 1270 statuerunt,
451 1199 487 1261 de
508 1217 564 1280 qua
585 1199 723 1280 opinione
745 1207 846 1280 postea
866 1197 952 1260 notris
974 1197 1131 1259 dicendum
1156 1197 1225 1258 erit:
1250 1213 1317 1258 nam

155 1299 306 1362 Acharnae
325 1317 388 1361 nen
407 1299 528 1362 iuemnt
547 1303 577 1364 in
593 1302 714 1365 ttiacria.
744 1301 830 1364 Nunc
849 1311 948 1363 auteur
971 1299 1159 1362 boematum
1175 1299 1317 1362 dicimus:

156 1419 260 1464 earnes
275 1421 326 1464 eos
342 1401 431 1474 iocos,
444 1402 551 1482 (paribus
562 1403 627 1465 freti
639 1403 774 1466 nonnulii
787 1403 939 1465 i'taetieum
951 1415 1046 1466 certae
1058 1403 1211 1465 cuiusdam
1223 1405 1318 1486 regio·
1438 1452 1454 1478 ,

154 1503 201 1566 nis
216 1506 369 1588 proprium
390 1525 499 1568 nemen
519 1507 610 1570 tuisse
624 1507 821 1577 crediderunt.
837 1507 924 1568 etiarn
940 1507 1084 1569 diversatur
1100 1508 1319 1591 interpretatio-

155 1627 222 1670 netn
239 1609 409 1679 aritrtittere.
431 1617 462 1670 et
476 1609 681 1690 appellativum
697 1609 795 1690 petius
809 1609 879 1670 tttuu
896 1627 1005 1670 nomen
1026 1609 1116 1671 fuisse
1131 1627 1166 1672 cx
1183 1611 1227 1680 iis.
1243 1628 1318 1691 quae

156 1711 227 1773 otirn
250 1729 266 1772 a
288 1730 337 1772 nae
357 1709 394 1773 ad
410 1711 526 1772 istarum
548 1729 576 1792 p.
594 1713 655 1772 tutu
676 1710 825 1792 proposita
848 1717 934 1780 sunt.
953 1709 1026 1772 satis
1041 1709 1151 1791 iirpridn
1166 1729 1316 1792 apparere.

153 1812 196 1874 (Χ.
212 1813 301 1874 ειίιιιι
317 1811 352 1873 ΙΙ.
368 1811 488 1892 Sauppii
502 1811 587 1890 epist.
603 1810 668 1872 crit.
684 1812 720 1872 ad
736 1811 834 1874 tlerrn.
852 1831 880 1891 p.
897 1811 938 1873 59
953 1831 999 1892 sq.
1015 1821 1045 1872 ct
1060 1813 1317 1874 Schneidewinum

153 1913 189 1976 ad
206 1913 315 1976 zenon.
331 1914 370 1985 V,
396 1913 451 1985 tt,
472 1929 500 1992 p.
522 1909 590 1972 ttt.
629 1910 728 1972 Unum
748 1928 828 1973 nunc
842 1911 964 1974 addam:
984 1911 1061 1994 apud
1077 1911 1230 1976 Platonem
1245 1913 1317 1976 Crit.

154 2034 183 2096 p.
201 2015 263 2076 560
280 2015 313 2076 tt.
329 2033 383 2095 pro
398 2007 483 2076 κατὰ
504 2007 547 2076 τὰ
570 2006 721 2086 Φελλέως
742 2013 797 2074 νῦν
819 2003 1049 2088 ὀνομασθέντα
1064 2006 1170 2076 πεδία
1183 2014 1318 2076 scriben-

154 2135 223 2180 aum
241 2135 306 2178 esse
321 2111 364 2176 sd
385 2108 527 2199 φελλίας
543 2149 594 2178 -.

238 2217 271 2278 V.
293 2217 354 2278 347
375 2217 400 2279 si
422 2217 556 2280 codicum
579 2215 734 2280 lectionem
754 2217 923 2298 sequimur,
944 2215 1138 2298 tttcaeopotie
1158 2225 1317 2299 postquam

152 2319 321 2382 insistentes
336 2319 391 2382 sihi
403 2320 604 2382 dcharncnscs
619 2319 771 2392 deterruit,
785 2313 906 2402 λα’ρεον
921 2319 950 2380 Ιι.
963 2339 989 2380 e.
1005 2319 1125 2382 corbera
1141 2319 1318 2382 carbonibus

136 2421 298 2502 'repletum
315 2421 370 2483 tttts
385 2419 571 2484 carissimum
585 2437 602 2483 a
617 2440 665 2494 sc,
687 2420 744 2483 nisi
759 2420 912 2494 desistant,
935 2419 1148 2502 interemptum
1169 2422 1206 2485 iri
1229 2422 1319 2486 mini·

152 2525 461 2606 mmmmm

220 2618 372 2708 ἔμελλετ’
393 2613 453 2711 ἆρ’
475 2617 621 2702 ἅπαντας
642 2611 786 2706 (suscipe
807 2619 942 2702 πάντες)
965 2615 1132 2688 ἅνασείειν
1152 2620 1244 2712 βοήν,

153 2731 404 2814 queuatrautura
424 2748 494 2793 euru
509 2726 590 2811 loqui
605 2747 666 2792 nnn
683 2729 812 2811 potuisse
828 2748 932 2791 earnes
947 2729 1150 2804 consentiunt,
1172 2731 1318 2813 siquidem

153 2825 316 2900 α’νασείειν
330 2827 411 2916 βοήν
425 2851 481 2898 nec
496 2833 603 2896 dicitur
617 2851 748 2915 unquam
765 2849 820 2896 nce
833 2843 931 2915 potest
946 2831 1012 2894 dici.
1043 2831 1111 2895 Fuit
1125 2833 1176 2915 qui
1190 2825 1319 2918 depeci-

156 2957 206 3002 ειν
233 2939 315 3024 βοῆς
334 2935 437 3021 cepioni
458 2937 558 3009 rediet,
578 2934 801 2998 desideratiranr
824 2935 903 2998 uerbi
924 2935 1067 3011 fersnara,
1094 2936 1130 3000 ad
1154 2937 1318 3022 analogiam

80 3112 91 3136 ι
152 3043 272 3127 qttidenr
296 3045 409 3115 fictam,
435 3040 487 3104 sed
514 3040 597 3103 cuius
623 3040 748 3102 atterum
768 3039 936 3121 exemplum
958 3057 1018 3102 nnn
1035 3049 1125 3103 extat.
1156 3041 1319 3104 steina-ttius

151 3147 268 3230 scripsit
281 3133 432 3228 ἐμέλλετ’
453 3133 519 3225 ἄρα
541 3135 674 3218 πάντως
690 3133 822 3227 α’νῆοειν
835 3143 894 3226 τῆς
914 3139 996 3226 βοῆς
1018 3144 1186 3208 coniectura
1201 3146 1320 3228 elegan-

152 3251 266 3314 tissima
281 3249 411 3331 quidam,
432 3265 493 3310 non
508 3256 607 3309 tamcu
623 3245 785 3309 necessaria
802 3264 908 3328 neque.
925 3255 959 3310 ut
973 3247 1109 3322 arbitror,
1125 3248 1198 3312 satis
1212 3250 1321 3332 praetra-

153 3353 213 3416 lriti.
244 3353 335 3423 Naue.
356 3359 390 3412 ut
404 3359 516 3412 taceam
531 3349 568 3412 de
583 3349 747 3412 mutatione
763 3349 860 3432 paulin
875 3351 980 3414 saitem
997 3351 1178 3427 autenticae,
1198 3353 1224 3417 si
1239 3344 1320 3439 n’rp'·

151 3473 223 3520 σειν
243 3451 425 3536 iiicaeopotis
440 3451 522 3524 distr,
538 3451 698 3514 destituens
712 3469 729 3514 a
743 3453 871 3516 clamore
885 3455 1089 3518 Acharuenses
1104 3457 1217 3540 putarit
1229 3457 1320 3522 corbe

151 3559 346 3638 interempto:
369 3553 441 3618 urihi
461 3564 564 3617 contra
584 3553 672 3616 etiarn
688 3555 892 3619 uehementius
907 3557 1061 3621 clamaturi
1075 3559 1168 3622 tuisse
1182 3561 1320 3624 ridentur

151 3663 193 3725 ira
217 3658 379 3723 sectatore
403 3657 526 3722 incensi.
558 3655 670 3720 Dixisse
693 3657 881 3742 Dicaeepotin
900 3660 991 3723 crede
1018 3651 1200 3726 ἅνατείνιιν
1224 3659 1319 3750 βοήν,

152 3763 232 3828 unde
253 3777 311 3826 una
328 3759 454 3824 litterula
470 3758 580 3823 omissa
595 3749 775 3837 α’ναιιίιιν,
789 3772 876 3840 atque
891 3761 962 3826 irinc
976 3753 1144 3827 ἅνασείειν
1157 3765 1239 3829 taciie
1254 3767 1319 3832 treci

151 3864 257 3949 potuit.
298 3855 498 3927 Ἀνατιίνειν
531 3855 614 3948 dep'a
645 3861 717 3944 quin
748 3873 827 3928 recte
860 3864 975 3929 dicatur
1005 3883 1094 3930 αειαο
1119 3867 1278 3933 dubitabit:
1288 3873 1319 3949 ⁸)

150 3960 268 4032 τείνειν
288 3957 371 4052 βοήν
384 3975 430 4030 εει
443 3965 522 4050 apud
537 3964 708 4051 Euripidem
723 3965 799 4030 tter.
814 3987 842 4030 r.
858 3968 932 4045 201,
947 3967 1065 4034 τείνειν
1076 3971 1198 4053 βοᾶτιν
1211 3965 1319 4038 adeda

220 4141 244 4202 ⁸)
263 4138 367 4192 Poterat
384 4135 495 4192 tortasse
511 4138 589 4191 etiam
600 4131 746 4192 desacrata
757 4139 857 4206 εοιιίἰεί,
870 4157 916 4194 nee
927 4143 1014 4195 debita
1026 4143 1086 4213 qaia
1098 4141 1319 4218 consenuitque

150 4221 224 4275 malti
236 4219 281 4276 tat.
294 4221 373 4276 iuter.
386 4231 444 4293 psat
453 4224 547 4294 ptus
558 4225 637 4290 masis
649 4225 755 4280 atticam
768 4227 861 4281 dicturi
874 4229 935 4281 siat.
961 4227 1318 4300 niihiearistprassreata
1418 4269 1421 4276 ·
1449 4285 1457 4296 .
1548 4196 1561 4270 *v

151 4321 179 4360 ιε
195 4307 289 4361 habers
305 4309 422 4362 rideatur
437 4323 566 4378 sapaces
578 4309 679 4377 Ιειςιι
691 4321 745 4376 esta
763 4311 864 4366 interim
876 4311 988 4367 msisrri
1000 4315 1076 4368 reli·
1088 4311 1200 4384 tir-'tigeri
1211 4333 1318 4386 μοι..

60 4379 63 4386 “
151 4391 366 4460 §.sesnes
