3166 4962
137 1385 480 1482 dltltlul'lldlds
511 1383 706 1496 alluunt
737 1381 942 1479 LOCOllllll
975 1381 1298 1478 Clllllllll'ldlillll

296 1535 345 1632 IN
376 1533 608 1631 bl'OLLlel
638 1532 771 1630 stulto
804 1535 862 1628 bd
895 1533 1149 1630 llllldllbllS.

106 1833 109 1838 ¹
139 1789 235 1896 Quum
252 1824 348 1890 nuper
361 1813 492 1870 votorum
505 1803 766 1888 grammaticorum
778 1803 815 1866 de
826 1803 970 1868 adverbiis
982 1802 1086 1885 placita
1098 1809 1303 1877 tractaremus,

123 1911 332 1993 ,disputationi
348 1919 467 1974 nostrae
482 1909 608 1973 addituri
622 1926 741 1972 eramus
755 1909 869 1990 aliquot
884 1907 1153 1970 animaduersiones
1168 1905 1199 1968 in
1212 1907 1305 1987 Apol·

139 2013 210 2076 lonii
227 2013 357 2076 libellum
373 2013 444 2077 olim
459 2013 488 2075 in
504 2011 669 2076 adversaria
683 2013 849 2086 coniectas,
870 2012 921 2073 sed
938 2010 1078 2073 brevitate
1093 2009 1237 2091 temporis
1250 2027 1306 2072 ea-

9 2115 13 2124 '
139 2117 214 2180 clusi
229 2135 292 2180 rem
307 2115 484 2178 distulimus.
528 2113 630 2195 ltaque
646 2133 720 2194 quae
737 2121 807 2175 tuna
822 2114 991 2194 reponenda
1007 2113 1137 2184 luerunt,
1158 2129 1239 2175 nuno
1252 2131 1307 2175 ea·

139 2237 278 2301 promere
293 2219 412 2301 placuit,
427 2235 489 2280 non
504 2217 599 2280 multa
610 2217 656 2280 illa
672 2217 793 2298 quidem
805 2223 835 2278 et
846 2235 990 2297 perquam
1002 2215 1141 2296 pleraque
1152 2214 1236 2289 teria,
1251 2233 1307 2278 nec

140 2322 266 2385 lectores
281 2322 365 2384 insila
379 2321 452 2384 alios
467 2321 632 2396 imitatura,
655 2321 713 2383 nisi
728 2338 804 2402 quos
819 2319 916 2382 tetrici
930 2317 1113 2400 grammatici
1124 2337 1224 2382 sermo
1235 2317 1308 2382 bor·

140 2424 223 2489 rietus
239 2442 274 2488 ao
287 2443 373 2507 saepo
389 2423 545 2508 perplexus
559 2433 590 2488 et
604 2423 807 2486 tenebricosos
822 2422 1064 2505 a'eognoscendis
1076 2423 1138 2484 eius
1150 2422 1231 2486 libris
1246 2439 1309 2486 non

141 2527 326 2604 deterruerit,
347 2529 399 2592 sed
423 2537 544 2612 propter
559 2527 618 2590 boc
632 2526 730 2610 ipsum
746 2544 808 2589 non
824 2527 950 2609 indigna,
967 2526 1075 2608 quibus
1090 2525 1120 2588 iu
1136 2525 1308 2590 huiusmodi

137 2629 356 2714 'scriptiuncula
371 2632 454 2697 locus
469 2633 499 2694 iu
514 2650 575 2714 quo
589 2631 761 2695 delitescant
778 2631 966 2694 concedatur.
1009 2631 1146 2692 Ceterum
1165 2631 1309 2694 maiorem

143 2732 1308 2816 partemanimaduersionumnostrarumoccupatamuidenausSkrsecslrae,

147 2838 201 2900 viri
221 2839 401 2914 doctissimi,
423 2838 568 2912 sollertia,
589 2838 641 2920 qui
663 2839 693 2900 in
714 2849 933 2920 programmate
952 2836 1094 2917 gymnasii
1114 2837 1311 2919 linipbobani,

148 2941 328 3022 llegimonlii
349 2962 376 3004 a.
403 2941 483 3005 1853
506 2941 597 3014 edito,
617 2947 687 3022 post
701 2940 847 3022 Apollonii
867 2940 1030 3002 doctrinam
1045 2939 1082 3002 de
1096 2938 1229 3020 partibus
1242 2959 1313 3004 ‹un-

120 3059 122 3062 ·
151 3044 240 3107 tionis
260 3045 424 3109 luculenter
443 3043 616 3126 explicatam
638 3043 727 3106 etiam
748 3043 836 3106 buius
857 3043 893 3105 de
907 3041 1051 3104 adverbiis
1066 3041 1155 3104 libelli
1170 3043 1313 3107 emenda-

147 3145 244 3209 tiones
258 3165 320 3210 non
334 3166 442 3230 paucas
457 3155 488 3211 et
502 3147 657 3229 plerasque
672 3146 853 3209 certissimas
867 3145 1031 3228 proposuit.
1075 3145 1199 3210 llestant
1212 3155 1315 3210 tannen

146 3249 180 3312 in
195 3249 291 3314 libello
310 3251 534 3334 corruptissimo
549 3251 696 3334 permulta
708 3267 789 3313 nunc
802 3267 920 3331 quoque
935 3247 1018 3322 vitia,
1038 3267 1114 3330 quae
1128 3251 1316 3313 emendatio·

150 3369 219 3414 nem
235 3361 374 3434 poscant,
394 3353 608 3433 restabuntque
628 3353 716 3415 etiam
737 3350 767 3414 in
788 3363 942 3433 posterum
957 3368 1018 3414 uon
1034 3351 1186 3434 pauciora,
1206 3353 1317 3435 quibus

147 3463 228 3518 certa
243 3456 387 3518 medicina
402 3454 534 3517 adhiberi
550 3455 595 3517 rix
611 3474 699 3536 posse
714 3455 856 3527 uideatur,
878 3453 934 3516 nisi
955 3454 980 3517 si
1001 3455 1079 3518 lorte
1099 3456 1192 3518 codex
1209 3455 1317 3538 aliquis

40 3639 42 3644 Ι
147 3555 290 3636 integrior
304 3567 441 3638 repertus
455 3556 556 3618 luerit.
601 3557 675 3618 b'am
692 3557 780 3629 laune,
796 3557 847 3638 qui
862 3575 940 3618 unus
954 3557 1051 3619 adbuc
1073 3557 1212 3631 innotuit,
1232 3558 1317 3622 l'ari·

147 3657 247 3721 sinum
263 3675 313 3721 no.
330 3657 425 3731 2548,
441 3657 578 3740 princeps
595 3658 693 3720 editor
707 3657 871 3720 immanuel
887 3657 1038 3720 llelrlrcrus
1053 3659 1124 3720 satis
1139 3660 1215 3722 male
1230 3659 1317 3724 babi-

148 3765 213 3822 tum
237 3779 302 3822 esse
317 3767 452 3832 testatur,
468 3759 577 3841 quippe
592 3767 758 3822 atramento
773 3759 917 3841 seriptum
933 3777 1038 3842 parona
1054 3761 1138 3842 nigro
1155 3761 1317 3845 multisque

148 3861 221 3926 locis
235 3861 369 3937 evanida,
390 3859 606 3943 compendiatls
626 3863 802 3944 plerumque
823 3861 963 3924 extremis
981 3863 1125 3936 versibus,
1146 3865 1318 3928 accentibus

150 3981 243 4049 prope
257 3964 355 4039 nullis,
371 3959 514 4026 membris
529 3963 669 4027 orationis
683 3975 713 4028 et
725 3964 795 4049 ipsis
806 3963 927 4027 uocibus
938 3983 1005 4028 raro
1018 3965 1175 4041 distinctis,
1190 3967 1320 4049 deniquo

149 4067 260 4132 chartis
275 4067 385 4150 passim
401 4067 523 4132 madore
538 4066 694 4150 corruptis,
710 4077 743 4132 ut
759 4086 818 4132 non
835 4069 944 4132 munna
960 4069 1008 4144 sit,
1024 4069 1201 4152 scripturam
1216 4070 1320 4136 multis

150 4169 221 4234 locis
243 4179 295 4234 aut
308 4171 393 4254 plane
408 4171 534 4235 deletam
549 4178 601 4234 aut
615 4171 693 4235 lectu
708 4171 908 4235 difficillimam
924 4181 1013 4254 atque
1033 4173 1202 4256 ambigamus
1217 4175 1320 4240 luisse.

149 4273 246 4336 'lauto
260 4273 352 4356 magis
366 4282 465 4338 autem
480 4273 673 4358 praedicanda
685 4284 732 4339 est
745 4273 834 4358 primi
845 4275 967 4339 editoris
979 4277 1108 4342 sollertia
1123 4287 1154 4341 st
1165 4279 1321 4361 sagacitas,

152 4377 237 4449 cuim
251 4376 359 4440 merito
375 4379 558 4455 factumest,
579 4385 613 4443 ut
633 4377 774 4462 ploraque
793 4379 899 4444 saltem
914 4377 1052 4464 expedite
1066 4397 1148 4447 nunc
1160 4381 1217 4466 legi
1230 4385 1323 4467 alque

150 4479 273 4564 inteligi
286 4479 413 4564 possint.
