3266 4958
785 473 936 573 ..¹9-

283 663 389 739 buim,
410 681 499 747 apuam
521 671 574 728 aut
596 661 739 727 nobdiuru
760 672 812 728 aut
833 664 956 730 diuitum
975 672 1027 730 aut
1047 663 1139 748 plubia
1161 665 1299 740 intereat,
1319 673 1354 732 ut
1372 665 1447 730 boue

175 759 178 764 ’
282 769 383 832 omnia
398 767 655 833 administrantur:
671 767 822 850 praeliciat
835 769 923 852 igitur
937 789 1004 846 eoa,
1020 789 1097 853 quoa
1112 771 1242 856 optimos
1257 769 1359 853 reique
1374 770 1449 834 beno

282 871 427 954 gerendae
448 870 576 936 maxime
595 869 717 936 idoneos
736 873 920 956 cognouerit,
938 873 969 938 in
984 893 1147 959 eorumque
1164 875 1296 951 delectu,
1317 874 1374 939 atsi
1389 873 1449 938 ialli

283 985 391 1060 potest
405 1011 449 1023 -
462 993 533 1040 nam
548 994 673 1040 errare
689 977 886 1042 humanum
903 997 985 1042 esse
999 996 1088 1044 nomo
1103 980 1206 1056 nescit,
1221 985 1449 1042 —tamennon

282 1082 400 1165 saepius
420 1089 500 1146 corte
519 1080 652 1156 lailotun,
672 1099 761 1162 quam
776 1090 827 1146 aut
842 1082 997 1166 optimates
1012 1084 1052 1147 illi
1067 1093 1118 1148 aut
1133 1083 1309 1158 multitudo,
1329 1083 1359 1146 ln
1374 1100 1450 1165 quos

284 1185 355 1250 illud
370 1204 497 1250 errare
511 1185 582 1249 itcnr
598 1184 702 1248 cadone
717 1185 914 1250 certissimum
930 1200 984 1260 esa
999 1187 1091 1252 immo
1106 1189 1194 1254 otiam
1210 1189 1323 1253 iacilim
1334 1185 1450 1260 mdccc,

284 1307 345 1372 quo
363 1289 509 1353 dit'bciliua
528 1295 574 1352 ost
591 1289 622 1352 in
645 1288 735 1352 unius
750 1289 821 1352 boni
836 1290 944 1372 publici
959 1292 1058 1356 studio
1074 1293 1184 1358 multos
1199 1293 1277 1356 inter
1290 1313 1339 1364 se,
1359 1306 1450 1372 quum

284 1409 379 1456 unum
398 1411 500 1456 secum
520 1391 618 1474 ipsum
641 1391 818 1454 consentire.
847 1393 986 1456 Ceterum
1007 1394 1033 1456 si
1048 1395 1128 1458 illam
1142 1414 1233 1459 unam
1249 1393 1319 1477 rogii
1334 1391 1451 1475 imperii

283 1494 411 1558 lonnam
425 1503 602 1578 spectamus,
618 1512 708 1576 quam
725 1490 973 1575 παμβασιλείαν
987 1495 1017 1558 Ιι.
1031 1515 1056 1560 c.
1069 1497 1234 1562 absolutam
1246 1495 1450 1562 monarchiam

283 1597 457 1662 Aristotelea
471 1597 606 1680 appellat,
623 1615 684 1660 nou
699 1615 769 1660 sane
785 1597 1020 1662 dissentiendum
1036 1600 1073 1662 ab
1088 1620 1125 1664 eo
1136 1621 1202 1664 osse
1214 1601 1383 1675 fatebimur,
1400 1599 1451 1680 qui

284 1699 373 1764 buius
394 1707 505 1764 tanum
525 1699 750 1782 amplitudinem
767 1706 887 1782 tamquo
902 1699 1028 1765 arduum
1044 1703 1121 1785 regis
1135 1703 1267 1767 cilicium
1282 1721 1349 1766 esse
1363 1701 1451 1776 dicat,

283 1810 319 1865 ut
344 1819 446 1885 parem
470 1803 497 1865 ci
516 1802 670 1864 bominem
690 1810 741 1866 aut
759 1819 827 1866 raro
847 1811 899 1865 aut
919 1820 1073 1886 nunquam
1093 1805 1153 1868 ulla
1173 1813 1253 1868 aetas
1272 1803 1449 1880 viderim).

284 1905 372 1980 Quod
393 1913 491 1970 autem
508 1905 680 1968 aristoteles
696 1905 726 1968 in
740 1923 811 1970 suae
826 1905 929 1968 aetatis
944 1906 1110 1971 civitatibus
1124 1908 1171 1971 uix
1184 1909 1271 1972 aliani
1286 1925 1377 1990 quam
1392 1926 1448 1989 po·

289 2009 421 2090 pularenr
443 2010 487 2072 rei
506 2008 638 2090 publicae
656 2008 785 2072 lormam
804 2009 865 2071 sivo
885 2006 1094 2074 democratiam
1116 2011 1214 2074 locum
1234 2010 1342 2074 babere
1362 2029 1449 2092 posse

285 2111 409 2187 iudicat,
429 2121 565 2176 errarunt
585 2129 763 2195 magnopore
784 2113 834 2194 qui
855 2113 897 2176 sic
917 2121 1109 2196 acceperunt,
1132 2132 1166 2177 ac
1184 2115 1209 2177 al
1229 2113 1307 2176 hauc
1321 2113 1449 2176 maximo

285 2214 467 2298 probandam
488 2234 553 2279 ease
573 2214 757 2292 dicerent),
780 2215 807 2278 id
823 2215 903 2298 quod
919 2215 1004 2298 longe
1019 2216 1056 2280 ab
1071 2218 1133 2280 cius
1149 2215 1304 2300 prudentia
1319 2215 1448 2280 alionum

285 2339 352 2383 esse
366 2337 455 2384 neum
470 2337 531 2384 non
546 2319 702 2401 intelliget,
723 2320 774 2400 qui
790 2319 844 2383 lios
859 2319 943 2384 dc're
957 2319 1073 2403 publica
1089 2319 1179 2384 libros
1193 2338 1255 2384 non
1270 2319 1367 2384 obitor
1381 2329 1448 2384 tan·

285 2429 349 2488 tum
358 2423 527 2508 inspexerit,
543 2421 594 2486 scd
609 2429 686 2487 totos
697 2429 832 2487 accurate
843 2423 1021 2506 cognoverit.
1047 2423 1175 2508 ltospioit
1186 2424 1277 2496 onitu,
1293 2423 1364 2488 dum
1378 2423 1449 2487 illud

283 2527 394 2602 scribit,
410 2529 491 2592 solos
506 2527 634 2590 Graecos
649 2527 694 2590 sui
712 2527 862 2610 temporis,
879 2527 955 2610 apud
970 2545 1046 2610 quos
1061 2539 1183 2612 proptor
1198 2528 1317 2593 urbium
1333 2529 1448 2611 arragoi-

283 2632 417 2696 tudinem
440 2649 502 2694 nou
521 2629 659 2714 sperabat
677 2631 755 2695 aliud
775 2650 869 2714 genus
889 2631 932 2694 roi
952 2631 1085 2714 publicae
1107 2633 1225 2696 tolerari
1248 2651 1352 2716 posse:
1379 2651 1448 2695 narn
1525 2615 1528 2623 ¹

283 2735 412 2800 urbanae
428 2735 521 2818 plebis
536 2735 696 2799 multitudo
711 2735 825 2800 nullum
841 2735 966 2799 libertati
982 2753 1052 2798 suae
1068 2736 1113 2798 uel
1129 2735 1228 2818 potius
1244 2736 1376 2800 licentiae
1387 2735 1449 2799 iro·

284 2857 358 2902 num
378 2839 509 2903 adbiberi
523 2839 652 2912 sinebat,
673 2845 794 2922 eratque
810 2839 919 2922 pariter
933 2839 1120 2921 optimatium
1136 2840 1302 2903 auctoritati
1316 2847 1347 2902 et
1361 2839 1449 2904 unius

284 2943 408 3025 imperio
424 2943 547 3006 infensa.
573 2942 692 3006 ltectius
704 2941 803 3024 itaquo
814 2941 946 3006 dicemus
958 2941 1077 3005 fatalem
1089 2941 1188 3024 potius
1198 2949 1230 3005 ot
1241 2943 1447 3016 ineuitabilem,
1516 3011 1519 3017 ,

285 3065 373 3128 quam
395 3047 503 3110 bonam
524 3053 554 3108 ct
568 3045 717 3110 salubrem
732 3045 912 3110 Graecorum
928 3044 1094 3108 civitatibus
1110 3045 1320 3108 democratiam
1335 3047 1450 3110 bristo·

285 3151 335 3214 toli
355 3150 447 3213 visam
467 3169 543 3212 csse.
573 3150 711 3212 Ceterum
734 3148 921 3212 demonstrat
941 3148 1005 3210 cius
1020 3147 1227 3230 disputationis
1243 3155 1341 3223 tenor,
1360 3147 1451 3212 luisse

285 3253 439 3316 etiamtum
465 3251 517 3334 qui
541 3251 769 3314 saluberrimum
797 3251 886 3314 unius
914 3248 1072 3332 imperium
1101 3249 1309 3325 dicerent³⁰)‚
1341 3249 1450 3333 quibus

285 3355 366 3436 quod
383 3372 478 3418 mrum
498 3352 534 3415 ab
558 3351 607 3416 illo
622 3352 797 3434 opponitur,
819 3369 880 3416 non
895 3351 985 3416 babet
997 3352 1080 3434 regni
1094 3351 1187 3434 ipsius
1200 3351 1449 3434 reprobationem,

285 3456 338 3520 aed
353 3455 567 3521 dubitationem
580 3461 695 3519 tantum
707 3455 744 3519 de
755 3473 846 3538 regno
858 3455 1044 3530 hereditario,
1060 3455 1092 3520 iu
1103 3473 1164 3537 quo
1175 3455 1238 3519 lieri
1248 3475 1336 3540 possa
1346 3455 1451 3538 arguit,

353 3641 397 3708 28)
415 3637 454 3694 Cf.
466 3640 506 3708 ΙΙΙ,
521 3641 627 3708 tutu
641 3643 680 3711 ll,
693 3643 718 3708 u,
730 3645 754 3696 8.

353 3727 397 3793 aa)
415 3725 442 3780 lu
457 3728 497 3782 bia
514 3727 546 3782 G.
561 3727 689 3782 tierricus
707 3743 764 3782 caso
783 3730 900 3796 videtur,
915 3729 1067 3784 (lcachiclrta
1083 3730 1128 3784 dea
1141 3731 1313 3784 ncuaaebntcu
1325 3729 1451 3784 lubrlruo·

285 3814 366 3880 tcrta‚
377 3811 420 3880 tv,
432 3829 455 3884 p.
469 3815 508 3869 la.

354 3899 397 3968 ³⁰)
415 3899 531 3969 ttulit,
545 3903 586 3970 ld,
598 3902 614 3956 8
627 3911 757 3973 postquam
770 3903 862 3972 posuit,
875 3905 943 3964 tuuc
955 3900 1021 3959 ariell
1035 3899 1138 3975 ῥᾴδιον
1149 3898 1191 3960 ἔτι
1201 3905 1354 3975 γίγνεσθαι
1366 3902 1451 3958 noia·

286 3988 364 4041 rator
378 3984 476 4058 torpor
491 3987 569 4060 nopai
586 3985 793 4060 δημοκρατίαν,
810 3987 910 4042 scilicet
926 3999 1032 4059 propter
1048 3992 1147 4045 urbium
1159 3991 1371 4058 magnitudinem,
1388 3987 1451 4044 lael

286 4073 398 4144 paldone
409 4069 481 4127 alm
493 4075 648 4144 συμβέβηκε
661 4071 711 4134 τὰς
720 4071 826 4141 πόλεις,
838 4075 927 4128 stetim
936 4075 1066 4144 subiungit
1078 4077 1096 4146 ἦ
1108 4079 1137 4130 da
1150 4077 1175 4132 al
1186 4075 1218 4130 dl
1230 4073 1267 4144 δὴ
1280 4091 1322 4135 aar
1331 4070 1452 4146 ἄριστον

286 4159 352 4224 uada
367 4155 400 4212 cd
410 4156 611 4226 decurionum
625 4163 684 4222 ταῖς
695 4157 822 4229 πόλισιν,
833 4163 924 4230 bisque
936 4163 986 4216 iau
997 4163 1113 4232 opponit:
1131 4162 1193 4223 nair
1203 4161 1257 4226 Ιξει
1268 4159 1303 4216 ccl
1317 4163 1383 4232 naal
1395 4161 1453 4216 niv

289 4241 405 4308 adarna
421 4241 459 4298 Gi.
476 4245 513 4312 V,
530 4246 560 4314 Β,
576 4247 619 4300 2³.
636 4273 671 4288 -··
685 4246 804 4301 &tarum
821 4247 953 4303 Platonem
969 4249 1024 4303 alac
1041 4249 1117 4302 dubio
1133 4255 1160 4302 at
1176 4247 1290 4304 Platonis
1307 4257 1451 4303 oecumrcs

289 4325 444 4382 Arlautclca
461 4329 486 4383 ia
503 4339 585 4386 uoatc
599 4333 696 4386 babuit.
719 4331 757 4387 (ΙΙ.
774 4333 903 4388 Plutarch
918 4335 950 4389 dc
966 4335 1173 4389 monteboi:
1192 4331 1368 4395 duodecade
1378 4361 1413 4375 ·-
1425 4333 1452 4387 at

289 4413 397 4486 atpium
406 4410 482 4486 odaei
494 4415 608 4486 dotata,
619 4415 752 4489 acacinm
763 4413 901 4490 ὀργάνων,
913 4421 969 4476 cuc
979 4419 1138 4488 nunccius,
1149 4416 1202 4475 orla
1212 4413 1250 4476 civ
1259 4415 1347 4488 dupe
1358 4417 1451 4474 ltorro

289 4495 365 4567 ulio
376 4497 426 4568 riv
435 4507 603 4574 pov-pm,
615 4499 747 4559 marim
758 4499 940 4576 caesapon.
