3266 4958
647 401 798 502 „⁶3—

143 615 207 666 nou
224 605 322 682 polest
343 597 414 682 quin
429 595 646 662 delicatioribus
661 592 838 678 quibusdam
854 590 960 656 criticis
974 589 1021 654 eir
1034 587 1190 654 lereuduru
1205 584 1307 652 uidea-
1330 587 1333 592 ’

144 711 201 778 tur,
217 701 244 766 ei
258 702 379 786 quidem
394 710 484 779 certe,
499 701 550 784 qui
566 701 596 764 in
611 699 692 762 lalrn.
709 697 812 761 rinnai.
827 695 926 779 philol.
941 695 998 758 rol.
1011 691 1113 757 lxxv
1122 712 1153 776 p.
1162 691 1224 756 d'll
1239 709 1306 757 rer·

144 825 196 870 sua
216 806 278 870 tlt
294 807 455 870 clausulam
469 796 586 888 είσορᾷ
607 797 736 885 πικρῶς
749 795 872 884 propter
885 798 1012 861 similem
1027 797 1188 861 clausulam
1202 813 1306 860 uersus
1442 839 1443 844 κ

145 909 207 972 610
233 898 323 973 οίσει
342 903 473 992 πικρῶς
492 905 678 970 emendando
698 921 849 967 removere
869 910 992 964 conatur
1012 910 1067 964 est.
1103 899 1166 964 lios
1186 899 1306 982 quidem

143 1010 315 1076 huiusmodi
330 1009 546 1092 negligentiam,
562 1008 593 1072 iu
608 1009 664 1072 lrac
677 1005 851 1090 praesertim
862 1003 968 1076 misula,
983 1003 1127 1086 patienter
1137 1001 1306 1067 toleramus.

232 1114 405 1196 Sequuntur
418 1129 520 1176 uersus
532 1111 673 1194 glyconici
685 1110 715 1172 iu
725 1109 879 1191 stropham
890 1115 920 1170 el
931 1105 1149 1188 antistrophum
1159 1105 1308 1190 descripti,

149 1215 328 1290 tlt-tto,
344 1215 452 1298 quibus
466 1213 618 1280 mutandis
632 1215 686 1278 lou
700 1211 834 1276 terrendi
849 1211 981 1276 laborem
995 1209 1175 1275 consolatur.

429 1307 504 1403 ’λίγ’
528 1306 555 1380 ιδ
577 1301 785 1405 νιηδαλίςοί

432 1419 610 1500 καλλίστας
631 1413 856 1507 προπόλευμα
878 1411 1017 1507 δάφνας,

437 1515 461 1590 ά
481 1521 542 1590 τάν
564 1517 694 1607 Φοίβου
717 1519 864 1606 θυμέλαν

435 1621 563 1714 σαίρεις
578 1621 654 1691 Ἰόπό
675 1627 768 1704 νααίς

433 1725 550 1816 κήπων
570 1725 608 1809 ἐξ
626 1723 808 1796 άδανάτων
831 1765 871 1776 -

148 1837 278 1902 Lamum
304 1843 445 1918 tanquam
466 1836 634 1900 ministram
652 1834 827 1916 alloquitur:
851 1851 921 1896 nam
942 1826 1163 1916 προπόλευμα
1183 1825 1312 1919 δάφνας

149 1941 221 2005 nllril
242 1939 319 2004 aliud
339 1949 386 2002 est
406 1958 495 2020 quam
511 1931 623 2023 δάφνα
637 1931 894 2021 προπολεύουσα
908 1946 960 2000 aut
974 1931 1144 2020 πρόπολι,
1168 1945 1204 2000 ut
1217 1937 1313 1998 solent

150 2061 364 2127 saepenumero
379 2042 572 2106 abstracta
591 2060 655 2124 pro
675 2041 874 2106 concretis
888 2040 969 2122 puni,
985 2033 1150 2120 δούλευμα
1165 2057 1220 2122 pro
1236 2033 1315 2102 δοῦ-

150 2143 209 2212 λαι
236 2167 263 2210 υ.
292 2147 370 2208 tut:
399 2144 547 2227 γυναῖκες
573 2135 674 2209 iureis
699 2140 766 2209 τῶν
792 2137 880 2225 ἐμάν
902 2137 958 2207 καί
979 2137 1129 2224 κερκίδος
1150 2137 1315 2225 δούλευμα

151 2244 285 2314 πιστόν.
307 2285 351 2296 -
372 2240 539 2333 λάτρευμα
562 2267 616 2332 pro
637 2242 762 2332 λάτριν,
784 2247 891 2313 Troad.
911 2249 1007 2310 1105:
1033 2237 1176 2310 Ἰλιόθεν
1197 2239 1253 2311 δτι
1273 2265 1316 2328 με

151 2347 401 2436 πολυδάκρυτον
422 2343 559 2415 Ἑλλάδι
590 2344 758 2436 λάτρευμα
789 2347 894 2434 μάθεν
922 2343 1070 2434 ἐξορίζει.
1099 2385 1142 2398 -
1168 2344 1317 2435 κήδευμα

152 2476 207 2540 pro
221 2449 375 2543 apriorati,
398 2455 495 2519 Orest.
511 2475 538 2518 ν.
554 2455 632 2518 477:
657 2441 685 2516 ιδ
706 2454 800 2539 χαῖρε
821 2449 878 2518 καὶ
899 2447 950 2532 σύ,
973 2450 1156 2530 Μενέλεως,
1178 2443 1316 2538 κήδευμ’

153 2553 247 2640 ἐμόν,
267 2559 380 2640 aliaque
400 2557 464 2621 cius
484 2558 599 2640 generis
619 2557 755 2641 plurima.
785 2557 953 2622 Genitivum
973 2566 1071 2622 autern
1092 2552 1223 2643 δάφνας
1236 2569 1315 2623 recte

154 2662 337 2727 delinitivum
357 2669 409 2725 aut
428 2661 632 2743 explicativum
652 2661 774 2734 dixeris,
796 2662 905 2744 quippe
925 2661 976 2744 qui
990 2661 1110 2724 deliniat
1125 2653 1318 2746 προπυλαί-

154 2785 258 2848 ματος
277 2767 431 2829 notionem
454 2764 606 2828 iudicanda
626 2783 662 2828 oa
680 2783 727 2840 re,
749 2784 824 2848 quae
843 2765 892 2828 illo
913 2765 1055 2829 uocabulo
1070 2763 1237 2828 denotetur.
1267 2764 1318 2828 Sic

156 2864 330 2953 Κάστορος
351 2859 487 2952 άγαλμα
507 2861 673 2954 πατρίδος
692 2869 723 2932 iu
743 2869 844 2932 llelen.
863 2887 891 2932 r.
911 2867 973 2933 207
989 2868 1060 2933 nihil
1075 2869 1152 2932 aliud
1167 2877 1214 2932 est
1228 2887 1317 2952 quam

155 2965 288 3056 ι’ίγαλμα
318 2969 483 3056 πατρίδος
505 2966 650 3054 Κάστωρ
676 2981 727 3036 aut
749 2965 892 3056 Κάστωρ
918 2965 1069 3054 πατρίδα
1095 2963 1262 3054 άγάλλων,
1289 2981 1320 3035 et

156 3079 249 3160 Soph.
265 3077 370 3140 Electr.
385 3095 412 3138 ν.
429 3075 502 3139 utu.
525 3067 819 3152 κλεινδνἝλλάδσς
839 3067 1007 3160 πρόσχημ’
1029 3066 1155 3159 άγῶνσς
1168 3083 1319 3140 certamen

156 3181 295 3264 Pythium
310 3179 426 3255 dicitur,
444 3175 524 3262 quod
536 3178 672 3244 Graeciae
687 3179 786 3244 decori
797 3187 854 3254 est.
869 3169 960 3262 άγάν
973 3172 1151 3266 πρόσχημα
1165 3168 1225 3242 ίόνι
1242 3197 1320 3262 quo-

156 3303 223 3348 rum
250 3283 396 3349 rationem
417 3282 470 3364 qui
489 3289 570 3347 recte
591 3283 786 3367 perspexerit,
812 3300 874 3346 non
894 3283 1036 3347 diversam
1059 3302 1124 3348 esse
1144 3281 1286 3364 intelliget
1304 3311 1323 3358 ς

156 3387 293 3452 formulis
307 3385 556 3470 irequeutissimis
570 3379 662 3462 τέλος
682 3377 861 3466 θανάτοιο,
884 3378 1040 3467 όπλισμα
1053 3379 1201 3473 κορύνης,
1217 3377 1324 3451 άσπί·

158 3487 216 3566 δας
238 3481 351 3574 ἔρυμα,
373 3482 500 3564 σκίπας
519 3479 704 3572 μελάθρου,
727 3483 905 3571 δράκοντος
923 3487 1047 3556 δεινοῖο
1062 3487 1175 3575 πέλωρ
1189 3509 1224 3556 ac
1237 3489 1324 3555 sirni-

157 3593 247 3668 libus.
274 3611 400 3677 quarum
426 3591 559 3674 exempla
583 3590 677 3656 ubiuis
703 3601 814 3656 extant
853 3593 956 3678 ltaque
982 3613 1076 3678 quum
1101 3585 1324 3676 προπόλευμα

159 3689 287 3784 δάφνας
306 3695 386 3760 idem
405 3695 549 3779 significet
566 3703 656 3778 atque
675 3687 787 3782 δάφνα
812 3689 967 3780 πρόπολε
987 3697 1034 3761 uel
1057 3689 1322 3778 προπολαίουσα,

158 3817 221 3864 nou
239 3801 350 3864 uiuum
368 3799 400 3862 iu
422 3797 559 3881 proximo
574 3816 661 3862 uersu
674 3815 842 3881 pronomen
856 3799 1011 3864 relativum
1026 3799 1062 3863 ad
1079 3791 1208 3886 δάφνας
1222 3799 1323 3882 potius

159 3921 249 3986 quarn
279 3901 316 3966 ad
343 3895 562 3986 προπόλευμα
587 3903 844 3968 accommodatum
871 3921 947 3966 ease.
987 3902 1102 3968 llicitur
1125 3911 1226 3968 autern
1251 3901 1325 3967 haec

159 4009 259 4070 tauma
279 3996 397 4089 κήπων
415 3997 454 4080 ἐξ
476 3995 673 4084 άδανάτων,
693 4005 804 4070 scilicet
822 4005 999 4089 decerpta
1018 4011 1070 4070 ant
1084 4005 1222 4080 ablata,
1243 4003 1324 4090 quod

159 4126 253 4192 quum
268 4126 323 4172 aua
337 4117 445 4190 sponte
459 4115 573 4190 pateat,
591 4127 654 4174 non
669 4127 745 4192 opus
759 4107 816 4172 luit
829 4107 929 4174 addito
944 4108 1113 4192 participio,
1127 4109 1208 4173 velut
1223 4107 1325 4196 δρυφ-

28 4225 31 4231 ,
160 4211 277 4289 εσσε,
299 4209 382 4294 quoa
404 4209 589 4288 munau,
607 4211 640 4276 u
658 4211 812 4294 praerogo
833 4212 890 4276 vu
907 4211 958 4275 vu
977 4232 1008 4297 p.
1022 4211 1126 4290 earu
1145 4211 1325 4297 acuent

227 4349 254 4416 t)
272 4345 392 4404 mum-t
409 4347 546 4403 aditlom
560 4347 635 4404 halus
646 4348 760 4420 tolnae,
775 4365 839 4422 qaas
850 4348 961 4406 multat
971 4366 1030 4406 aaa.
1043 4347 1210 4407 Hliccfflll
1220 4351 1326 4422 ,nult

19 4491 21 4500 .
160 4450 285 4507 usurpm
296 4451 371 4507 ςωι
382 4435 445 4490 laec
456 4434 596 4492 smilemn
607 4453 658 4492 εει
671 4437 750 4508 potui.

1081 4523 1124 4591 a·
