3266 4958
864 487 903 554 18

294 677 451 762 generibus
465 694 482 740 a
495 675 575 740 bono
598 675 636 740 ad
660 675 773 740 molum
793 675 946 742 conversio
966 676 1019 751 sit,
1039 683 1074 740 ut
1095 695 1131 741 ex
1150 695 1242 758 reque
1261 679 1408 760 tyrannis,
1430 697 1467 743 ex

294 779 477 845 ammessia
491 779 661 862 oliqarcbia,
676 800 693 844 e
710 779 890 845 democratia
905 779 1083 844 ocblocratia
1098 780 1212 853 eradat,
1242 779 1326 844 lianc
1342 782 1381 844 ob
1396 801 1467 846 ceu·

295 903 360 948 um
374 883 474 948 laudat
487 883 670 966 Lycurgum,
695 884 748 966 qui
767 903 860 967 quum
876 882 1068 946 intellexisset
1089 875 1144 947 ὅτι
1166 883 1235 946 πᾶν
1256 869 1347 958 εἶδος
1366 881 1468 948 πολι-

294 987 386 1064 τείας
416 979 545 1050 ἁπλοῦν
576 983 633 1051 καὶ
664 983 749 1052 κατὰ
788 988 868 1069 μίαν
894 981 1089 1072 συνεστηκὸς
1116 979 1255 1068 δύναμιν
1281 979 1469 1072 ἐπισφαλὲς

296 1091 440 1172 γίγνεται
463 1083 522 1152 διὰ
542 1084 582 1152 sd
604 1082 729 1168 ταχέως
750 1080 798 1166 οἷς
822 1084 881 1174 τήν
907 1081 1032 1154 οἰκείαν
1058 1084 1115 1152 καὶ
1142 1083 1244 1174 φύσει
1271 1083 1466 1172 παρεπομέ-

294 1213 353 1278 νην
373 1185 599 1274 ἐκτρέπεσθαι
620 1191 746 1267 κακίαν,
769 1227 811 1239 -
832 1184 892 1273 οὔχ
914 1185 1025 1276 ἁπλῆν
1047 1185 1126 1256 οὐδὲ
1139 1187 1297 1276 μονοειδῆ
1311 1186 1469 1277 συνεστή-

295 1314 380 1362 σατο
399 1293 459 1384 τήν
481 1293 663 1376 πολιτείαν,
687 1287 772 1360 silici
794 1293 908 1373 πάσας
930 1288 1017 1378 ὁμοῦ
1039 1289 1240 1382 συνήθροιζε
1260 1291 1322 1372 τάς
1350 1287 1468 1378 ripensis

294 1397 351 1465 esui
380 1396 439 1476 τὰς
466 1391 640 1485 ὶδιότητας
665 1399 733 1463 τοῖν
761 1390 903 1483 eptam
931 1397 995 1464 τῶν
1023 1391 1354 1480 noleseepeo‘rrovi'),
1380 1400 1468 1483 idque

294 1506 433 1588 deinceps
448 1503 619 1587 singulatim
635 1505 840 1588 persequitur,
859 1504 890 1568 iu
913 1523 970 1587 qun
985 1503 1184 1586 disputatione
1204 1521 1295 1586 quam
1315 1513 1394 1568 recte
1410 1504 1468 1588 Lp-

294 1609 379 1693 curqi
394 1609 637 1675 constitutionem
652 1608 695 1673 rei
709 1607 843 1692 publicae
857 1607 1054 1673 aestimaverit
1069 1625 1210 1691 quaerere
1226 1607 1363 1672 hocloco
1379 1609 1467 1674 nolu·

293 1733 375 1779 mus.
402 1713 461 1778 Sed
482 1713 543 1785 his,
564 1731 640 1796 quae
660 1733 697 1777 ex
717 1712 839 1796 Polybio
859 1712 1031 1788 retulimus,
1057 1712 1144 1795 plane
1163 1711 1281 1794 gemina
1301 1721 1373 1777 sunt
1392 1731 1468 1796 quac

294 1818 374 1902 apud
385 1819 557 1883 Ciceronem
572 1817 721 1900 leguntur,
735 1817 786 1880 nbi
802 1817 911 1900 Scipio,
927 1825 1121 1900 posteaquam
1143 1815 1214 1880 item
1231 1817 1286 1878 tria
1302 1817 1349 1880 illa
1363 1835 1469 1900 genera

292 1921 480 2006 reipublicae
491 1921 745 1994 commemorarit,
756 1921 910 2002 quaerenti
921 1919 1028 1993 laelio,
1044 1919 1193 2001 quodnam
1205 1939 1240 1983 ex
1256 1919 1302 1983 bis
1312 1921 1469 2002 generibus

295 2023 425 2088 maximo
439 2025 555 2106 probet,
569 2031 673 2088 recte
688 2023 835 2103 quaeris
852 2021 1056 2104 „respondet‘
1071 2021 1169 2104 quod
1184 2025 1377 2086 mnur'mee
1398 2023 1468 2086 tri·

294 2127 379 2204 bus,
399 2127 576 2211 quoniam
606 2143 736 2190 eorum
766 2127 911 2189 nullum
942 2126 1062 2208 ipsum
1093 2143 1158 2208 per
1187 2145 1226 2188 se
1255 2133 1467 2210 separatum

295 2232 428 2317 probo,
442 2228 887 2312 anteponoquesinqulis
902 2227 1012 2302 illud,
1028 2229 1125 2310 quod
1142 2231 1336 2294 conflatum
1352 2229 1469 2294 inerit

235 2373 250 2394 ι
295 2355 339 2399 ex
358 2335 544 2398 omnibus.
581 2330 650 2394 Sed
671 2331 753 2404 ,‚ail“
772 2331 805 2394 si
825 2348 935 2393 unum
955 2339 991 2394 ct
1017 2331 1180 2414 simplex
1202 2332 1362 2394 maxime
1381 2351 1467 2414 pro·

294 2437 456 2502 bandum
476 2437 540 2510 sit,
567 2433 706 2516 regium
730 2431 882 2514 probem
909 2441 1020 2515 atque
1046 2433 1220 2516 inprimis
1247 2435 1468 2512 laudem³³p

294 2539 363 2604 Non
381 2539 525 2602 diibtetur
539 2537 659 2620 quidem
674 2535 780 2598 deinde
795 2555 883 2618 posse
900 2537 989 2600 etiam
1007 2557 1075 2600 eum
1090 2556 1148 2602 uns
1161 2555 1279 2620 quaque
1293 2557 1330 2600 ex
1345 2537 1401 2600 illis
1412 2538 1467 2600 tri·

295 2641 354 2707 bus
368 2641 480 2706 bonum
496 2639 645 2724 publicum
661 2645 813 2702 constare:
829 2655 909 2700 nem
933 2638 1079 2722 „inquit“
1105 2641 1162 2704 vel
1182 2659 1246 2704 rer
1267 2658 1408 2723 aequus
1428 2659 1469 2704 ac

294 2745 461 2830 sepiens,
492 2745 546 2808 rel
572 2741 710 2806 delecti
730 2760 771 2805 ac
795 2741 988 2826 principes
1009 2743 1121 2818 cives,
1141 2744 1195 2808 rel
1214 2743 1289 2826 ipse
1309 2745 1468 2826 populus

295 2886 339 2898 —
355 2867 577 2934 quamquam
593 2848 703 2912 idest
722 2846 869 2910 minime
887 2848 1135 2930 probandum,
1152 2855 1332 2910 -tamen
1353 2848 1467 2912 nullis

295 2953 511 3018 interiectis
526 2949 793 3032 iniquitatibus
813 2961 874 3012 aut
894 2951 1167 3033 cupiditatibus
1187 2969 1296 3032 posse
1316 2950 1468 3013 ridetur

295 3056 418 3138 aliquo
439 3069 609 3117 essenon
631 3053 777 3116 incerto
798 3054 975 3132 statu³⁴);
1003 3053 1056 3116 sed
1076 3071 1165 3134 quam
1188 3052 1325 3134 proclivis
1346 3052 1386 3115 sit
1400 3071 1467 3114 om·

296 3159 382 3223 nium
398 3157 428 3220 in
443 3156 573 3221 deterius
589 3154 712 3218 mutatio
727 3154 834 3217 eodem
849 3162 937 3236 atque
953 3155 1091 3238 l’olpblus
1106 3155 1196 3218 morlo
1217 3155 1347 3236 exponit.
1377 3153 1403 3217 N
1409 3152 1469 3217 ul·

297 3263 371 3327 lum
394 3259 540 3343 ,inquit·‘
561 3267 619 3322 est
642 3275 756 3342 genus
775 3258 924 3323 illarum
946 3275 1071 3324 rerum
1099 3258 1348 3344 publicarum,
1374 3255 1467 3342 quod

297 3384 371 3430 non
385 3365 516 3428 babeat
529 3361 655 3426 itersd
670 3361 878 3426 linitimnm
893 3363 1073 3446 quoddam
1089 3363 1220 3428 malum
1238 3381 1415 3446 praeceps
1430 3381 1469 3426 ac

297 3468 499 3541 lubricum,
514 3476 545 3530 et
559 3465 657 3548 paullo
672 3473 754 3548 post:
775 3465 956 3530 mirisunt
973 3467 1082 3530 orbes
1102 3473 1138 3530 et
1158 3466 1265 3549 quesi
1286 3465 1469 3531 circuitus
1560 3465 1565 3530 ζ

297 3567 632 3654 iurebuspublicis
647 3568 1363 3644 commutatiouuuretvicissitudinum,
1378 3581 1469 3651 quos

297 3695 411 3761 quum
426 3671 935 3758 cognoscarssapientisest,
957 3682 1033 3738 tum
1055 3691 1141 3738 vero
1161 3671 1378 3757 prospicere
1400 3673 1469 3736 irn-

297 3780 503 3865 pendentes
517 3777 554 3842 in
568 3773 1029 3860 qubcrneudurcpublica,
1049 3777 1302 3842 moderantem
1318 3795 1469 3841 cursum

298 3893 405 3966 atquc
424 3881 460 3946 in
481 3899 542 3944 sua
563 3884 751 3963 potestate
766 3879 1002 3958 retinentem,
1022 3881 1145 3963 magni
1162 3879 1355 3945 cuiusdam
1376 3878 1469 3944 ciris

297 3984 464 4050 stdirini
484 3999 598 4067 paene
617 3989 675 4045 est
701 3979 779 4044 riri.
813 3981 944 4062 ltsque
964 3992 1133 4065 quartum
1153 3983 1336 4068 quoddam
1355 3999 1470 4064 qenns

298 4085 353 4151 rei
368 4087 535 4168 publicas
549 4084 701 4148 maxims
716 4081 947 4166 probandum
961 4103 1044 4149 osse
1059 4103 1208 4160 censeo,
1230 4084 1328 4168 quod
1348 4093 1404 4148 est
1427 4104 1471 4149 ex

298 4186 371 4264 bis,
385 4205 476 4271 qnae
489 4185 605 4270 prims
618 4185 711 4262 dixi,
725 4185 955 4251 moderatum
979 4195 1015 4251 st
1032 4187 1258 4272 permixtum
1276 4187 1469 4269 tribum),

369 4423 616 4490 assumerem.
920 4395 1157 4494 coruscasse

370 4507 735 4579 armus-nmmo
919 4509 1156 4581 ιι)ιι.ι.ιι,ιι.
