3166 4962
760 521 911 622 399-

254 715 312 778 rim
329 713 486 798 particulae
501 711 654 776 latentium
670 711 737 780 erit,
752 721 813 786 aut,
828 712 853 775 si
868 712 1007 795 quiahoc
1022 713 1105 788 nolin
1120 725 1199 779 certe
1214 735 1275 780 non
1291 735 1372 780 mesa
1385 735 1420 782 ac

253 819 425 902 simpliciter
449 817 643 902 copulativam
671 834 751 888 esse,
778 816 829 878 scri
855 817 1101 899 superadditiaam
1125 819 1347 902 quodammodo
1369 828 1421 885 aui

195 997 197 1000 ,
254 924 512 1006 augmentativam,
539 920 633 1004 qualis
659 928 706 984 ost
732 919 762 982 iu
788 925 887 983 nostro
914 921 1123 986 coniunctione
1142 924 1251 998 auch,
1277 943 1332 989 noc
1352 944 1419 991 raro

253 1029 341 1093 etiam
358 1027 388 1092 in
403 1047 505 1110 praeca
520 1019 588 1104 soi,
604 1044 732 1109 quocum
750 1024 826 1088 itanc
841 1025 960 1088 latinam
976 1027 1064 1090 otiam
1083 1037 1204 1112 propter
1218 1029 1319 1115 stirpis
1333 1031 1419 1094 simi-

252 1132 406 1195 litudinem
434 1149 605 1215 comparare
626 1130 704 1193 licet.
735 1129 766 1190 ld
788 1146 848 1210 quo
870 1129 969 1192 minua
986 1130 1179 1212 improbabile
1194 1134 1340 1208 videatur.
1366 1135 1420 1198 ad·

253 1255 376 1300 monere
396 1245 495 1318 potest
516 1233 713 1316 hodieque,
738 1232 817 1314 quoti
837 1233 907 1313 quit
929 1243 975 1296 est
994 1233 1072 1298 aliutl
1089 1253 1178 1316 quatu
1194 1237 1303 1301 hodic
1326 1256 1420 1321 quo·

253 1358 336 1422 que,
351 1339 462 1402 etiam
479 1338 604 1411 bodie,
621 1332 678 1398 καὶ
700 1329 909 1418 appreensum

337 1443 432 1505 Etiam
448 1443 478 1504 in
493 1442 615 1522 itaque
630 1457 690 1502 nou
707 1457 774 1501 raro
790 1439 930 1520 ambigas,
946 1459 1021 1522 quaa
1036 1440 1080 1504 ris
1093 1443 1253 1524 particulae
1265 1445 1420 1510 tribuenda

251 1544 300 1608 sit.
338 1545 455 1608 Veteres
481 1543 601 1626 quidem
628 1541 810 1623 grammatici
836 1543 958 1606 dirersis
985 1545 1080 1608 orodis
1106 1548 1291 1628 pronuntiari
1317 1549 1420 1612 solunt

253 1647 396 1731 itique.
421 1655 506 1709 acuta
527 1645 705 1729 penultima,
729 1645 779 1708 ubi
800 1655 829 1707 ot
851 1646 968 1728 propria
987 1647 1115 1710 adverbii
1135 1648 1185 1710 ita
1201 1649 1373 1730 significatio
1389 1659 1420 1714 et
1485 1673 1487 1676 ·

252 1751 296 1814 ris
321 1749 480 1832 particulae
501 1747 664 1830 copulativa
691 1747 848 1811 nsanilosta
870 1749 923 1822 ait,
950 1751 1182 1832 antepenultima
1203 1761 1301 1815 autem
1324 1763 1421 1827 acuta,

253 1855 392 1936 itaque,
416 1853 467 1916 ubi
488 1869 543 1934 pro
562 1850 771 1914 coniunctione
791 1851 829 1914 sit
850 1853 998 1915 collectiva
1019 1855 1062 1916 rel
1079 1854 1229 1927 rationali,
1250 1856 1353 1938 inqua
1369 1857 1421 1919 atl-

222 1987 223 1990 ¹
253 1958 343 2021 (litam
370 1955 543 2038 particulam
570 1953 642 2016 uibii
668 1955 723 2016 uisi
749 1953 916 2036 syllabicam
939 1957 1088 2038 epectasin
1109 1977 1175 2020 esse
1191 1959 1420 2042 opinantur¹⁰).

253 2059 342 2143 Atqui
368 2077 429 2122 nou
455 2059 545 2122 moto
565 2056 745 2122 collectivam
770 2058 846 2118 bono
866 2059 910 2121 ael
929 2058 1102 2122 rationalem
1125 2060 1370 2142 significationem
1386 2082 1422 2126 ex

254 2165 300 2228 illa
326 2163 482 2226 adverbiali
508 2174 607 2226 natam
629 2183 693 2226 esse
712 2171 848 2243 apparat,
875 2160 926 2224 setl
942 2179 1087 2245 perpauca
1103 2163 1190 2225 etiam
1207 2164 1294 2228 buius
1308 2165 1421 2246 signill-

254 2267 377 2333 cationls
402 2269 536 2349 exempla
550 2276 637 2340 sunt,
663 2265 815 2348 inquibus
832 2283 892 2328 non
906 2275 985 2328 recte
1000 2277 1088 2347 atque
1104 2267 1314 2332 convenienter
1328 2259 1421 2351 oopu-
1475 2329 1478 2336 .

252 2373 311 2436 lam
336 2371 465 2435 antium
493 2389 556 2433 aare
573 2369 694 2441 dixeris,
716 2368 825 2452 quippe
844 2367 929 2431 cuius
949 2369 993 2432 sis
1008 2369 1146 2443 hascoit,
1169 2379 1211 2442 ut,
1227 2381 1420 2454 posteaquam

252 2474 362 2558 aliquitl
386 2493 451 2538 suso
472 2473 583 2536 lictum
604 2481 658 2545 ast,
679 2471 817 2554 adiungat
830 2471 930 2534 statim
947 2472 1035 2535 etiam
1052 2473 1122 2556 quial
1140 2473 1209 2538 binc
1223 2485 1422 2559 consequatur

251 2589 303 2643 aut
322 2585 515 2643 consecutum
536 2577 589 2640 ait:
610 2575 819 2658 consequentia
840 2584 940 2639 autem
956 2595 1025 2639 cum
1041 2577 1086 2651 iia,
1102 2578 1181 2641 unde
1196 2589 1422 2661 musaquuntur

252 2693 303 2748 aut
325 2681 433 2764 quibua
452 2680 589 2744 adiuncta
609 2687 689 2751 sunt,
710 2681 798 2742 ctiam
814 2697 868 2763 per
882 2681 1077 2761 copulativam
1094 2681 1267 2763 particulam
1284 2681 1421 2765 coniungi

252 2803 313 2849 uon
335 2803 406 2847 sana
426 2783 536 2846 mirum
558 2792 620 2856 est,
643 2782 765 2864 fierique
786 2781 910 2866 proinde
925 2781 956 2844 in
972 2783 1078 2864 quovis
1092 2803 1232 2847 sermone
1246 2785 1332 2848 solet
1362 2785 1423 2850 Noc

251 2889 360 2951 desum
380 2887 450 2960 loci,
471 2885 502 2948 io
525 2886 632 2966 quibus
646 2883 724 2948 ltautl
742 2883 839 2965 inopte
855 2903 924 2965 que
938 2884 969 2946 in
985 2885 1111 2966 itaque
1126 2887 1144 2948 i.
1161 2907 1190 2968 q.
1207 2906 1355 2969 quoque
1370 2906 1422 2951 va·

251 2987 312 3054 lere
333 2989 440 3052 dixeris
450 2992 460 3029 ¹
472 2989 510 3066 Ι1,
532 2988 562 3050 b.
578 3006 605 3050 e.
626 3005 688 3050 uon
702 2985 875 3068 simpliciter
888 2987 1088 3068 copulatirum
1103 2987 1155 3050 sotl
1170 2989 1422 3072 aupcmtltlitirum

251 3111 326 3155 esse.
356 3091 443 3154 Tales
464 3100 579 3165 sutem,
598 3089 629 3152 in
644 3088 751 3172 quibus
766 3088 838 3152 nibil
853 3089 1016 3170 significare
1032 3089 1191 3178 dicendum
1206 3092 1261 3168 sit,
1283 3091 1331 3156 rix
1345 3091 1423 3156 ullos

252 3194 376 3258 inveniri
391 3193 528 3258 arbitror.

321 3363 348 3427 a)
366 3365 427 3415 Com
443 3363 501 3416 sliis
517 3361 648 3414 vocabulis
660 3377 716 3429 qua
727 3360 776 3412 bae
788 3375 865 3412 sesso
878 3359 1043 3429 compositura
1057 3377 1106 3412 non
1119 3360 1257 3426 inuenitur,
1271 3377 1350 3430 usquo
1362 3379 1423 3431 pro·

146 3507 149 3514 ,
252 3447 909 3518 bartposestquotsttntutoesbtotensnoaspot
924 3443 1423 3515 111101οη1111.31.111,1,0οω11ρ1ου

252 3543 305 3588 ests
324 3534 433 3600 „Nunc
450 3535 514 3587 tibi
530 3533 738 3601 vicissimque
756 3531 927 3598 imperabo.
954 3531 999 3584 Pl.
1016 3531 1151 3585 uastant·
1180 3531 1307 3586 Provocat
1323 3533 1423 3600 quidem

252 3619 452 3688 Lindemann,
468 3627 497 3672 ot
514 3617 722 3684 vicissimque
740 3633 788 3684 pro
800 3617 943 3670 vicissim
956 3633 1077 3686 quaqua
1089 3619 1139 3670 tlioi
1151 3619 1266 3688 potuisse
1279 3617 1378 3686 probet,
1390 3619 1423 3671 stl

252 3703 331 3758 (iras.
343 3705 374 3758 ssl
387 3704 445 3759 bis.
460 3707 484 3770 l,
496 3705 530 3757 20
541 3713 568 3758 ct
580 3705 638 3757 istt.
650 3705 681 3756 stl
694 3703 726 3771 V,
738 3705 781 3770 21,
796 3705 818 3770 1,
830 3706 944 3773 alnoque
955 3706 987 3757 ari
998 3705 1095 3770 lasies3
1108 3707 1153 3758 sati
1166 3721 1213 3758 neo
1222 3703 1269 3772 illi,
1284 3703 1421 3759 scolastica

252 3791 277 3844 iri
298 3792 404 3856 donem,
425 3807 499 3860 quum
516 3791 548 3844 la
563 3791 718 3856 bonisque
734 3798 831 3843 uotum
844 3791 988 3859 loquantur.
1011 3791 1097 3844 l’ossit
1109 3799 1192 3844 sutona
1204 3789 1315 3844 lortssss
1327 3789 1422 3858 aliquis

252 3891 350 3944 usqae
366 3877 414 3930 boe
431 3878 548 3942 trabere,
564 3877 654 3946 qnippe
670 3877 736 3943 quoti
750 3891 932 3943 nonnumquam
944 3878 982 3929 sla
994 3883 1140 3946 usurpetur,
1156 3885 1185 3928 ut
1196 3893 1242 3945 pro
1256 3893 1314 3928 non
1326 3877 1422 3930 etism

252 3963 333 4028 accipi
345 3963 436 4030 possit.
459 3961 499 4016 Cl.
511 3959 597 4014 lirits.
609 3963 641 4014 sti
653 3963 716 4015 Sall.
731 3960 783 4030 loq.
797 3978 820 4017 c.
832 3963 876 4028 98,
887 3963 917 4028 43
932 3977 978 4016 sse
989 3961 1040 4014 alia
1051 3963 1144 4016 luunt
1155 3961 1280 4032 exempla,
1292 3962 1317 4014 ia
1329 3961 1422 4029 quibas

252 4063 309 4114 qua
327 4048 393 4102 bant
414 4049 490 4115 langa
507 4047 539 4101 ab
555 4049 603 4100 bse
621 4047 661 4114 ui,
681 4048 757 4101 otsit
768 4045 822 4101 lero
834 4048 851 4101 i.
863 4065 888 4117 q.
900 4063 1035 4117 qnoque,
1056 4049 1147 4102 abessa
1160 4048 1268 4102 dixeris.
1293 4045 1332 4102 Cl.
1344 4047 1420 4101 uota.

252 4132 361 4188 Breues.
380 4135 413 4188 sl
432 4133 515 4189 Tacit
530 4134 618 4202 agria.
634 4152 657 4205 p.
672 4135 732 4188 att.
755 4134 828 4204 Apol
846 4135 963 4189 Plautum
983 4149 1047 4188 raro
1063 4135 1176 4188 dubitari
1193 4133 1281 4202 nequit
1292 4134 1353 4202 qnia
1364 4147 1422 4186 sora

252 4217 391 4274 Bitscballo
403 4229 430 4274 et
441 4218 607 4274 Flaslsiscso
618 4221 779 4276 scribsstlon
790 4220 838 4276 sits
859 4237 960 4288 „soso
981 4221 1044 4275 tibi
1065 4221 1212 4275 vicissim
1234 4234 1311 4290 quaa
1326 4219 1422 4290 inps·

253 4305 489 4360 raholiscito.“

324 4391 365 4456 10)
382 4389 422 4444 ct.
442 4391 565 4446 Priscian.
577 4391 610 4462 V,
625 4394 659 4449 00
680 4411 705 4465 p.
719 4395 777 4462 182,
797 4395 871 4450 tues
884 4393 942 4461 181,
962 4391 996 4446 22
1008 4407 1064 4462 sqq.
1086 4391 1157 4460 utut,
1179 4391 1420 4462 11ρ.100,10.οο

253 4485 350 4530 amnt.
363 4492 387 4546 p.
401 4477 449 4531 021
464 4480 498 4532 ia.

325 4563 369 4630 ll)
385 4561 423 4617 ut
436 4563 517 4618 ussa.
527 4563 640 4620 Turseli.
652 4564 685 4620 111
697 4581 722 4635 p.
733 4565 783 4620 50³
796 4565 812 4634 i
824 4565 850 4621 0.
