3186 4958
118 641 193 698 rem,
209 641 285 705 queo
299 621 501 708 superioribus
516 621 612 688 verbis
626 623 787 707 significate
802 629 857 697 cst,
872 621 1019 705 pertinere
1035 623 1179 687 dicemus.
1209 621 1284 684 b'sm

118 727 361 808 superstitionum
377 727 529 813 persuasio
544 727 574 790 in
589 747 677 792 censs
692 727 756 802 luit,
767 737 801 790 nt
811 727 961 789 Gallorum
976 746 1058 790 sacro
1073 727 1151 812 spond
1165 725 1284 790 liritsn·

118 847 173 893 nos
188 841 298 908 essent,
314 850 375 894 non
390 841 424 894 ut
438 831 740 914 deprehenderentur.

202 935 271 1018 Cup.
287 934 375 1006 ttttt.
392 935 421 998 ³.
465 935 509 998 ut
523 936 680 1000 Cerinlis
701 934 852 1018 quidem
867 933 1027 998 ulterius
1042 933 1283 998 successoris

117 1054 243 1101 curum
278 1038 482 1124 famamque
519 1039 712 1105 obruisset
746 1039 817 1071 ***
852 1037 1114 1120 sustinuitque
1149 1039 1282 1101 molem

116 1141 238 1204 Julius
261 1142 480 1220 Frontinus,
506 1145 559 1208 rir
584 1160 737 1225 ntegnus
764 1147 940 1224 quantum
962 1141 1098 1205 licebat
1116 1151 1185 1204 etc,
1215 1139 1282 1203 Non

1 1291 2 1296 1
39 1320 42 1328 Ι
116 1243 309 1325 improbabile
319 1256 375 1322 est,
388 1247 595 1330 quodlllexius
606 1247 734 1310 Kritzius
747 1245 852 1326 aliique
863 1245 1061 1328 suspicentur,
1072 1245 1185 1327 aliquot
1197 1244 1282 1306 serbo

48 1374 50 1378 ·
116 1354 184 1428 post
204 1348 395 1414 obruisset
421 1352 573 1428 excidisse,
595 1353 683 1424 relut,
709 1349 781 1412 nisi
801 1349 996 1413 immaturo
1017 1349 1092 1412 loto
1113 1347 1281 1421 obiisset,

116 1450 170 1524 vel,
192 1461 226 1513 ut
241 1451 343 1516 illexio
357 1455 480 1536 placuit:
506 1453 569 1518 sed
594 1453 721 1518 subito
746 1453 784 1516 in
810 1453 927 1516 medio
953 1471 1067 1517 cursu
1091 1451 1282 1515 extinctus

116 1563 184 1617 cst:
211 1573 383 1638 expromam
410 1567 509 1622 umen
531 1558 619 1622 etium
640 1575 736 1620 nrcnm
758 1557 904 1638 quendum
928 1566 1057 1620 ren-rem
1079 1556 1280 1620 coniecturum

115 1675 175 1721 non
196 1659 294 1725 minus
315 1661 438 1726 lurtnsse
452 1665 645 1747 prolubilem.
676 1663 839 1726 l‘eccerunt
853 1679 1067 1744 saepenumero
1082 1659 1191 1724 libmrii
1206 1677 1281 1723 con·
1331 1681 1338 1695 ·
1434 1691 1442 1700 ·

114 1760 269 1846 iungendis
289 1766 453 1843 vocubulis,
480 1786 554 1849 quoe
574 1767 765 1848 disiungendn
787 1772 887 1829 erent:
915 1763 958 1830 sic
980 1765 1042 1828 lieri
1058 1765 1169 1848 potuit,
1195 1775 1229 1828 ut
1243 1783 1280 1828 ex

115 1865 301 1932 obruitset
316 1872 383 1954 (pro
398 1871 522 1936 obruit
536 1873 597 1936 sed
612 1869 737 1954 scripto:
754 1887 822 1932 nom
837 1874 896 1931 set
912 1889 965 1952 pro
980 1869 1041 1932 sed
1058 1867 1129 1932 sotis
1140 1869 1280 1952 lroqocns

114 1979 172 2032 est
187 1971 251 2051 ll),
272 1972 319 2036 illo
340 1974 520 2038 coniunctiori
540 1975 635 2038 lorms
651 1975 787 2038 existeret
804 1971 1003 2036 obruisset.
1039 1972 1201 2036 l'eccoront
1221 1988 1281 2033 non

113 2073 213 2136 rninus
233 2093 320 2158 saepe
340 2075 444 2140 litteris
467 2085 519 2142 out
542 2077 646 2142 iisdem
666 2088 717 2142 sut
737 2077 882 2139 sirnitibns
902 2075 1089 2138 omittendis:
1113 2073 1155 2136 sic
1169 2075 1280 2138 iactum

115 2185 176 2250 est,
192 2185 225 2240 ut
241 2198 276 2242 ex
291 2179 608 2264 sustinuitutiqnc
624 2181 682 2244 bec
696 2179 775 2262 qood
792 2197 871 2242 nuno
886 2179 1009 2260 legimus
1025 2177 1282 2259 sustinuitque

114 2292 292 2346 misereretur.
336 2283 438 2366 ltnque
463 2283 489 2348 si
515 2303 613 2348 rernm
639 2283 795 2348 lectionem
822 2283 899 2346 lintre
923 2281 1016 2346 tuisse
1043 2281 1207 2344 sumimus:
1239 2281 1283 2344 lit

114 2383 274 2451 Coriolis
300 2386 448 2472 quidem
475 2388 633 2454 ulterius
659 2387 902 2453 successoris
929 2405 1051 2450 curent
1077 2385 1281 2469 lsrrxnnrque

115 2489 256 2568 obrute
279 2493 341 2556 sed
366 2493 548 2558 sustinuit
572 2493 707 2576 utique
727 2493 860 2574 molem
882 2491 1283 2555 tuliuslirontinus-

114 2595 258 2660 medicinu
279 2615 340 2661 non
361 2597 450 2661 nimis
471 2605 550 2661 certe
571 2597 696 2662 violente
715 2604 745 2660 ot
764 2605 944 2660 structuram
965 2595 1121 2660 uerborum
1138 2595 1281 2658 bnlxemus

114 2699 268 2782 integrum,
283 2707 313 2764 et
328 2701 515 2776 sententium,
531 2711 565 2765 ut
579 2703 715 2777 orbitror,
740 2701 811 2764 sotis
827 2699 1020 2785 probabilem.
1064 2699 1137 2762 Nem
1155 2699 1280 2784 proximi

114 2802 173 2865 duo
188 2803 306 2867 Cerialis
320 2805 352 2867 iu
366 2804 515 2868 britannio
532 2825 721 2870 successoros
736 2807 857 2870 bierunt
872 2805 1030 2867 Frontinus
1045 2812 1075 2866 et
1091 2803 1221 2884 dgricoln
1231 2801 1244 2842 l
1255 2805 1281 2880 ):

113 2905 221 2968 borum
238 2907 384 2970 utrumuis
398 2908 473 2970 site
482 2926 564 2971 rum
580 2908 637 2971 dici
649 2909 782 2990 potuisse
794 2909 984 2971 ninnilestum
995 2915 1052 2979 est,
1066 2905 1212 2986 siquidem
1225 2905 1283 2970 boc

113 3025 294 3088 pronomen,
314 3019 348 3074 ut
362 3029 499 3091 graecum
515 3003 534 3074 d
550 3005 674 3095 ἕτερος,
697 3011 768 3075 nihil
783 3012 862 3075 uliud
878 3011 934 3074 nisi
948 3029 1055 3072 unum
1078 3009 1120 3071 de
1141 3007 1281 3072 duobus

113 3109 334 3192 intelligendum
357 3133 423 3178 esse
442 3114 599 3196 significet,
620 3123 650 3178 et
669 3115 720 3178 ubi
739 3116 799 3178 duo
822 3133 1009 3178 successores
1028 3121 1108 3186 sunt,
1127 3113 1202 3176 atter
1220 3123 1280 3174 tum
1386 3141 1391 3148 v

112 3211 209 3276 isdici
224 3223 331 3296 potest,
351 3216 404 3298 qui
419 3217 509 3300 prior,
529 3235 617 3297 quom
634 3218 684 3298 qui
700 3218 848 3302 posterior
862 3225 916 3280 est.
947 3217 1010 3280 lloc
1024 3225 1123 3278 nutem
1139 3216 1204 3278 loco
1220 3233 1281 3277 nou

72 3387 73 3390 Ἴ
112 3317 309 3394 posteriorem
323 3319 489 3398 dqrieolsm
509 3319 731 3401 intelligendum
751 3341 817 3384 esse
837 3338 884 3382 res
899 3319 961 3400 ipso
976 3319 1076 3381 docet:
1099 3335 1220 3381 necesse
1234 3324 1282 3378 est

112 3415 202 3496 igitur
215 3418 393 3482 Frontinum
414 3419 548 3501 intelligi,
570 3421 660 3502 idque
680 3441 740 3504 quo
762 3423 861 3484 minus
881 3421 1042 3484 obseumm
1063 3428 1143 3484 esset
1161 3417 1282 3481 'l'ncitus

1 3595 4 3601 Ι
112 3517 175 3598 ipsc
190 3519 318 3600 providit
331 3520 433 3584 stetim
449 3521 571 3584 nomine
585 3521 649 3585 eius
664 3523 771 3603 posito.
793 3523 887 3586 liuius
899 3522 987 3604 iqitur
997 3541 1099 3586 curum
1110 3521 1282 3600 iomsmqus

113 3619 231 3682 Coriolis
246 3619 360 3700 obruit,
386 3621 416 3684 b.
432 3641 458 3684 e.
474 3621 563 3686 rebus
583 3621 646 3684 suis
665 3622 755 3703 gestis
776 3631 931 3706 tantopere
952 3623 1103 3696 excelluit,
1130 3631 1280 3684 uteorum

112 3719 314 3802 msgxdtudius
334 3729 365 3784 ot
382 3721 474 3803 glorio
492 3721 629 3786 Frontiui
655 3741 725 3786 curs
744 3723 884 3806 remoque
904 3723 1113 3788 obscuraretur
1136 3727 1168 3786 et
1187 3737 1282 3802 pseue

114 3850 318 3866 ἡ

181 3921 208 3986 8)
226 3919 264 3974 Ci.
277 3921 309 3975 Α.
322 3920 374 3976 llsl
386 3923 417 3976 sd
431 3921 485 3978 Cle.
497 3921 528 3976 tle
540 3939 569 3978 rs
581 3925 650 3992 pout.
665 3926 688 3990 t,
700 3925 716 3978 d
729 3942 754 3994 p.
768 3928 800 3980 lb
812 3927 853 3980 etl.
866 3925 962 3981 dieser.
987 3927 1070 3980 linior.
1082 3925 1114 3979 sd
1127 3927 1179 3980 Cic.
1191 3923 1281 3995 irsqn.

113 4023 152 4062 or.
166 4023 191 4075 p.
204 4007 246 4059 tt.

180 4091 207 4158 9)
226 4093 358 4148 lidbeerus
374 4095 473 4165 quiden
490 4095 515 4148 in
528 4094 618 4150 blusso
638 4095 715 4150 libor.
734 4115 794 4152 nov.
811 4098 867 4164 llll,
881 4099 905 4165 l,
917 4115 941 4166 p.
954 4099 989 4153 bl
1001 4099 1058 4166 (liic
1071 4097 1221 4153 illiniscireu
1233 4097 1283 4152 lae·

112 4186 188 4246 estre
206 4179 231 4231 in
244 4179 416 4248 Britsusicu),
433 4182 576 4249 proximum
588 4181 697 4236 Cerislis
715 4200 889 4238 successorem
905 4203 954 4238 son
967 4183 1132 4252 Frontinum,
1148 4185 1283 4240 sedulium

67 4291 69 4294 ·
112 4264 253 4333 quempisut
265 4265 379 4333 ignotum
391 4266 471 4322 inisse
482 4269 642 4336 suspicetur,
660 4267 742 4335 nulls,
758 4278 787 4322 ut
800 4273 913 4340 equidem
925 4271 1053 4334 srbitror,
1069 4269 1159 4324 idonee
1173 4271 1283 4326 rstiose.

114 4349 268 4420 Qosurqosrs
288 4353 354 4406 idern
375 4355 424 4408 ism
444 4355 668 4428 otissflltedcricbis
691 4355 818 4422 plseuisso
839 4357 959 4410 videsis
977 4357 1285 4427 biornsstiqusnsss.

115 4436 182 4490 1839
195 4452 219 4504 p.
232 4437 293 4504 stt,
305 4454 352 4492 sss
363 4437 498 4494 Nissenius
508 4457 538 4494 ss
549 4441 582 4494 sb
594 4441 642 4494 lose
653 4443 799 4510 suspiciose
811 4445 952 4497 slrborrers
963 4443 1099 4510 profitetur
1110 4458 1135 4510 p.
1148 4443 1206 4498 1⁵4.

1015 4525 1077 4590 w
