3186 4958
656 427 808 527 *222-

147 617 204 682 hoc
215 618 317 702 utiquc
328 618 621 683 animadvertendum
633 625 688 693 ort,
702 617 929 700 haudquaquam
942 615 971 679 id
981 616 1008 678 ei
1018 615 1206 700 propositum
1214 615 1317 691 luisse,

147 728 181 786 ul
202 723 238 785 ad
261 723 384 786 modurn
404 721 665 804 grammaticorum
686 721 852 785 uniuersam
868 720 1077 784 rocalrulomnr
1100 721 1202 784 silvam
1220 721 1249 785 iu
1263 739 1318 784 aua

148 845 281 909 quaeque
306 846 413 910 genera
432 835 566 890 accurate
588 823 770 898 discrihcrct,
797 825 848 888 sed
871 824 940 887 illud
963 834 1089 900 tanturn,
1115 835 1148 889 ut
1167 823 1318 889 dialectica

148 931 261 996 ratione
281 931 313 994 in
331 929 543 994 enuntiationis
563 939 700 994 naturarn
723 928 896 1012 inquireret,
922 937 1079 1012 partusque
1100 929 1241 992 orationis
1256 948 1317 1004 eas,

147 1034 210 1098 aine
225 1035 333 1118 quihus
348 1034 567 1100 enuntiationes
584 1033 646 1098 deri
660 1043 690 1097 et
702 1033 780 1096 intur
790 1055 822 1096 se
835 1033 910 1097 necti
924 1043 1084 1115 nequeunt.
1100 1033 1318 1098 demonstraret

148 1159 267 1224 quoque
282 1139 373 1204 modo
387 1137 443 1202 hae
456 1138 668 1202 adhiberentur
682 1139 813 1202 doceret.
843 1139 944 1221 ltaque
964 1157 1057 1220 quum
1078 1137 1107 1202 id
1121 1157 1215 1221 genua
1230 1158 1318 1202 roca-

148 1243 297 1320 hulomm,
323 1261 384 1326 quo
404 1243 435 1306 in
457 1242 539 1305 omni
559 1240 760 1305 enuntiatione
781 1243 894 1306 utimur
913 1243 948 1306 ad
965 1243 1193 1324 praedicundum
1208 1241 1317 1325 aliquid

147 1347 184 1410 de
199 1347 309 1430 aliquo,
329 1355 451 1430 propter
470 1347 546 1410 hanc
565 1345 659 1429 ipsarn
681 1345 866 1429 praedicandi
888 1346 932 1409 vel
953 1347 1125 1410 enuntiandi
1141 1355 1318 1430 potestatem

149 1442 295 1533 ῥήματος
310 1451 431 1513 nomine
441 1450 610 1533 appellaret,
627 1459 744 1530 recepto
758 1449 816 1514 ianr
829 1450 865 1513 ah
877 1444 1091 1532 antiquioribus
1103 1449 1266 1531 significatu
1277 1452 1316 1530 θ),

148 1553 257 1616 addidit
275 1552 464 1616 accuratioris
485 1551 662 1616 definitionis
681 1570 769 1616 causa
790 1551 878 1614 ctiam
893 1551 964 1614 illud
980 1551 1016 1614 dc
1031 1551 1173 1634 temporie
1187 1551 1318 1633 adsigni-

148 1657 294 1731 ircalione,
310 1675 384 1737 quae
398 1675 468 1719 caue
484 1655 523 1718 illi
538 1655 637 1738 generi
652 1673 804 1738 nunquam
821 1671 881 1716 non
896 1654 1030 1718 inhaeret
1040 1655 1080 1735 9).
1103 1656 1241 1718 dttamen
1256 1672 1317 1718 uon

148 1758 222 1822 adeo
241 1765 411 1822 constanter
431 1759 476 1822 laio
496 1758 566 1820 rullo
587 1757 666 1820 illurn
689 1751 834 1840 ῥήματος
848 1756 1072 1836 apanllationem
1089 1765 1229 1838 tanquam
1246 1775 1316 1840 pro·
1420 1795 1422 1800 .

148 1860 242 1944 priam
257 1859 294 1922 ah
309 1879 344 1922 eo
359 1859 449 1923 tribui
464 1859 608 1934 videmur,
624 1868 657 1922 ut
672 1857 795 1920 eandem
812 1875 873 1920 non
888 1859 976 1920 etiarn
993 1858 1029 1919 do
1044 1858 1188 1920 eiusnrodi
1201 1857 1317 1940 praedi·

148 1971 282 2025 catorum
304 1979 410 2042 genere
431 1970 565 2042 usurpet,
592 1961 622 2022 in
643 1961 750 2042 quibua
770 1959 887 2039 aliquod
909 1977 1019 2022 nomen
1039 1979 1106 2022 curn
1125 1960 1221 2022 uerbis
1236 1953 1318 2035 ἔστι,

148 2050 197 2146 ἦν,
220 2055 325 2137 ἔσται,
349 2061 493 2145 γίγνεται
507 2067 538 2125 ct
551 2061 708 2132 cimilihua,
724 2079 800 2142 ‹qtaao
816 2071 956 2142 tanquam
972 2063 1095 2142 copulae
1111 2061 1173 2124 rico
1187 2062 1318 2142 lungun·

149 2171 208 2238 tur,
224 2165 416 2228 coniunctum
432 2173 493 2227 est:
510 2164 590 2226 velut
603 2181 696 2244 quum
711 2163 838 2224 dicimus
855 2154 874 2224 ὁ
896 2153 977 2244 ‹1⁸qu
994 2155 1088 2246 ὑγιής
1102 2155 1185 2236 ἐστι,
1207 2177 1317 2224 nomeu

149 2265 192 2328 ric
207 2284 275 2328 curn
288 2265 378 2328 uerho
391 2265 582 2328 coniunctum
597 2263 687 2327 otiam
704 2258 851 2347 ῥήματος
865 2263 1060 2344 appellatione
1072 2282 1133 2326 nou
1144 2262 1318 2337 excluditur,

149 2367 217 2432 licet
227 2369 370 2450 temporis
382 2367 590 2450 adsignificatlo
601 2384 662 2430 non
674 2367 705 2429 in
717 2367 784 2440 hoc,
800 2367 852 2430 sed
867 2375 985 2430 mutum
997 2366 1028 2430 iu
1043 2358 1116 2432 ἔστι
1126 2366 1196 2429 insit
1207 2369 1216 2408 ¹
1226 2368 1319 2448 ⁰).-

151 2506 353 2519 ’.μμ-..κ

220 2558 246 2622 5)
264 2557 342 2611 Velut
359 2573 374 2610 a
387 2557 545 2626 Democrito,
562 2573 576 2612 a
590 2558 732 2625 Protagora
745 2559 786 2622 (dc
799 2558 888 2626 quihus
900 2555 952 2609 alio
965 2557 1022 2610 loco
1035 2557 1125 2618 diram)
1139 2565 1165 2610 ot
1177 2573 1191 2608 a
1204 2555 1318 2609 l‘latoae.

151 2641 294 2707 Falluntur,
311 2645 352 2710 qul
371 2643 500 2696 Plutonem
514 2645 620 2712 primum
633 2645 671 2695 aie
684 2640 795 2714 ῥήματα
807 2644 838 2694 uh
851 2639 973 2711 ὀνόμασι
986 2645 1138 2695 diutinaiaao
1150 2651 1251 2710 putante
1266 2643 1319 2712 ipae

152 2728 218 2780 enirn
231 2736 257 2780 ot
269 2729 293 2779 ln
304 2726 410 2797 Cratylo
423 2737 449 2782 ot
461 2731 485 2781 in
495 2729 614 2795 Serrhiata
628 2745 681 2782 roua
695 2729 744 2781 iam
757 2729 789 2780 alt
801 2729 859 2781 aliia
872 2737 930 2780 aute
943 2745 972 2781 ao
982 2729 1101 2781 traditam
1111 2726 1190 2780 iuiaoc
1199 2731 1320 2782 natendit.

220 2813 246 2876 ill
266 2813 445 2881 Byzantiorum
460 2813 639 2879 magistrorum
652 2829 755 2864 aeumoo
768 2814 845 2866 otiam
857 2812 982 2884 ῥήματος
991 2829 1079 2865 namra
1088 2829 1102 2865 a
1112 2813 1174 2885 qao,
1185 2813 1266 2879 ilua,
1278 2831 1320 2868 ro·

153 2897 284 2963 petendum
303 2898 384 2962 duait,
401 2896 479 2966 παρὰ
498 2899 547 2964 τὴν
563 2895 648 2972 ῥύσιν
664 2896 715 2965 τὴν
726 2900 771 2969 Ιείς
786 2897 851 2958 τοὺς
862 2895 994 2970 χρόνους.
1024 2897 1109 2952 aetat.
1126 2901 1157 2952 ad
1170 2900 1278 2971 lliooq'a.
1294 2901 1320 2954 ia

152 2983 230 3036 llelrlr.
243 2984 337 3036 Anoed.
352 2985 370 3038 ΙΙ
383 3004 406 3055 p.
420 2987 478 3052 881,
493 2987 533 3038 10.

205 3063 472 3140 ldll'arauqlainoror,
481 3071 760 3140 iaqulthrdelutcrpr.
767 3069 836 3133 ald,
845 3069 870 3130 2,
880 3065 1002 3138 αι’·ιίιμία
1011 3064 1321 3138 auadqourrorlrilriarai·

152 3166 255 3222 quota·
267 3152 299 3206 ati
309 3151 470 3226 γάρέστιν
483 3151 498 3224 ἢ
511 3153 608 3211 ἔσται
623 3150 687 3223 qula
698 3151 712 3220 ii
722 3159 855 3225 γίνεται
868 3149 947 3220 idon
956 3149 1161 3221 ditaremur«,
1171 3152 1282 3228 ῥήματα
1291 3153 1322 3209 la

152 3239 208 3290 raia
219 3241 355 3310 νιιμίναν
367 3243 513 3300 (meandum
526 3258 555 3295 oa
569 3259 632 3311 quae
645 3242 716 3311 priua
730 3241 861 3306 proamita
873 3240 942 3302 auat)
954 3237 1023 3291 ίσιί.
1045 3243 1256 3310 αρασσιιμαίνιι
1266 3239 1322 3310 γὰρ

147 3318 265 3392 χρόνον.
282 3323 379 3378 Contra
392 3327 417 3379 io
428 3327 500 3380 l'oot.
513 3345 535 3382 c.
548 3328 590 3392 ²⁰,
605 3329 632 3380 il
644 3346 651 3380 a
664 3322 719 3395 οὐχ
729 3321 805 3383 «inor
816 3321 901 3395 λόγος
912 3321 943 3378 ιἰι
953 3320 1087 3395 ῥημάτων
1097 3321 1249 3396 σύγκειται,
1261 3321 1320 3380 dtt'

40 3415 46 3424 '
151 3407 293 3477 ίνδίχιιοι
305 3404 373 3464 ἄνευ
384 3407 518 3481 ῥημάτων
531 3410 619 3482 λόγον
631 3409 711 3466 aluere.
729 3410 833 3463 Scilicet
845 3412 870 3462 in
883 3411 1007 3462 oiuaanorli
1020 3409 1152 3477 carmelio,
1165 3413 1208 3464 ulai
1217 3413 1322 3465 teritum

155 3495 342 3548 auhataativum
359 3495 558 3550 auhaudiendom
576 3495 743 3565 relinquitur,
764 3493 835 3548 volut
850 3493 902 3548 orla
918 3490 1032 3566 ἀγαθὸν
1049 3498 1263 3566 πολυκοιρανίη,
1281 3489 1324 3558 εἷς

152 3579 254 3640 eluvie
265 3575 394 3654 ἅρισιος,
416 3578 480 3651 παρ’
494 3577 593 3653 ἔμοιγε
605 3584 652 3634 aral
665 3578 749 3634 rilloa
761 3598 790 3633 ac
803 3581 941 3646 ainrilihua,
963 3599 1042 3654 aequo
1054 3585 1173 3636 audiendi
1185 3591 1259 3650 auat,
1279 3584 1323 3652 qui

153 3675 258 3738 propter
270 3668 412 3721 huiuamodi
424 3669 618 3734 diaaeuaioaem,
630 3675 674 3720 aut
687 3667 796 3736 aqrcciem
809 3667 986 3734 diaoeuaioula,
1003 3669 1086 3722 locutu
1098 3669 1164 3722 hunc
1175 3670 1207 3721 ah
1220 3671 1323 3722 Ariato·

153 3755 205 3807 talc
222 3755 415 3808 ahiudioauduua
434 3763 573 3809 autumant.
585 3784 618 3794 -
630 3752 657 3806 lo
675 3755 734 3808 lihr.
746 3755 777 3806 do
790 3754 896 3822 interpr.
909 3771 932 3808 c.
952 3755 990 3818 ll),
1006 3756 1050 3807 la'la
1066 3756 1277 3828 μιταῐιθίμινα
1288 3755 1322 3811 dt

151 3837 186 3895 τὰ
198 3835 326 3910 ὀνόματα
339 3843 385 3895 aol
398 3837 431 3894 aia
443 3837 554 3912 ῥήματα
564 3835 669 3894 ταύτὸν
678 3843 819 3912 σημαίνοι,
831 3833 894 3894 οἶοι·
906 3835 977 3894 l'orr
991 3839 1110 3902 lauatio
1121 3837 1323 3914 ἅνθρωπος,

152 3923 247 3983 ἔστιν
264 3921 452 4002 ἄνθρωπος
469 3925 597 3997 lauaro'r,
614 3927 773 3982 macilentum
791 3937 844 3996 cst,
861 3927 937 4000 ῥῆμα
954 3945 1002 3981 noa
1019 3929 1068 3982 hoe
1084 3931 1167 3983 aolutu
1186 3929 1260 3998 dora,
1277 3933 1322 3987 aed

153 4009 214 4069 ἴση
226 4010 320 4076 lavaur
331 4015 390 4068 dici.
415 4014 491 4069 imaro
503 4016 529 4068 io
541 4017 683 4069 huiuamodi
695 4015 878 4080 enuntiatione,
895 4015 938 4068 uhi
950 4015 990 4069 via
1002 4017 1142 4085 praedicati
1155 4019 1180 4070 io
1193 4019 1322 4073 adiactiro

153 4109 202 4166 aot,
211 4099 284 4168 aare,
303 4103 367 4172 quod
380 4103 486 4172 copulae
499 4101 555 4155 vioe
565 4100 687 4178 iungitur,
705 4103 781 4156 otiam
795 4095 1056 4172 ιιροσαατηγόρημα
1067 4111 1112 4156 aut
1123 4105 1221 4172 τοίνυν
1232 4115 1324 4176 κροσ-

153 4192 375 4260 ιιαοηγοριῖσσαι
386 4187 489 4254 dieitur,
499 4187 685 4266 ambigiturqoe
696 4189 769 4252 adeo,
781 4195 866 4241 utrum
878 4186 965 4260 ῥῆμα,
977 4204 1009 4240 aa
1022 4189 1174 4256 aiauqiiciter
1185 4192 1325 4245 voeabu-

152 4273 214 4328 luaa
228 4269 341 4346 (ὄνομα)
353 4273 405 4327 diei
416 4274 515 4340 acuar,
528 4275 559 4327 de
572 4275 678 4344 interpr.
689 4273 708 4327 l.
721 4275 739 4328 l.
752 4273 776 4342 5.
790 4276 815 4327 4.
834 4273 966 4329 chachol.
979 4275 1011 4328 ad
1022 4275 1127 4346 hualqt.
1137 4275 1147 4330 l
1158 4293 1183 4344 p.
1195 4279 1268 4331 lida
1281 4277 1323 4330 ihr

154 4355 275 4428 σῦνοθίο
287 4359 347 4415 tera
359 4359 399 4430 aqi
413 4355 468 4430 Ἀρ.
480 4355 807 4434 ποοσααῐιιγοροῦμινον
823 4361 916 4440 llyaaa¹
932 4357 964 4415 rei
982 4358 1053 4415 doru
1063 4379 1092 4429 ν,
1107 4354 1172 4418 otor
1187 4357 1325 4436 ἄνδρα·

157 4462 223 4504 aroc
238 4447 448 4517 φιλοσοφῶ·
465 4443 553 4500 luat·
571 4450 822 4524 auyaorqyoqairur
839 4445 896 4521 raia
913 4443 979 4502 ldoal
991 4445 1023 4502 aul
1040 4443 1114 4504 ἴση
1130 4445 1201 4505 aar&
1214 4447 1326 4506 rodh-

199 4528 247 4592 Ν.
1082 4535 1122 4598 ta
