3186 4968
646 421 788 519 ..¹3⁵-

124 615 295 674 oonstanter
308 620 486 693 perseveret,
502 627 619 676 memor
633 611 740 675 veteris
755 609 851 673 verbi:
874 601 1060 676 Βαοιλιιιόν
1085 601 1158 674 lore
1182 605 1291 688 ιολῶς

127 713 293 778 ποιοῦντα
314 710 423 790 κακῶς
444 703 630 796 ἀκούειν’).

210 817 269 882 Sed
284 819 354 882 nolo
369 818 452 901 plura
468 818 577 891 dicere,
593 837 640 893 ne,
654 818 680 882 si
700 817 787 902 plane
803 817 926 902 eloquar
944 817 1025 901 quod
1044 818 1156 894 sentio,
1175 817 1290 902 previus

65 985 67 990 .
125 921 235 985 multos
250 941 339 1004 quam
355 941 431 1006 opus
442 929 488 986 est
503 923 660 988 edendam.
691 923 773 985 llanc
787 923 826 985 ob
840 941 958 986 caueam
973 921 1050 984 aliud
1066 921 1291 1004 programmatis

124 1039 334 1107 argumentum
355 1045 475 1090 enumero
495 1027 616 1110 placuit,
642 1045 795 1110 quunrquc
824 1043 918 1109 nuper
942 1024 1052 1088 sclrolia
1073 1045 1139 1089 mea
1160 1025 1190 1088 in
1213 1024 1290 1088 lonis

125 1128 298 1210 Euripidem
312 1130 442 1212 primum
458 1130 623 1213 epicedion
640 1148 734 1213 usque
755 1129 792 1193 ad
814 1149 840 1192 r.
861 1129 924 1194 tut
944 1127 1102 1202 ediderim,
1122 1146 1202 1191 nune
1220 1127 1290 1192 reli·

125 1247 214 1314 quam
226 1231 291 1295 eius
305 1233 427 1314 epieodii
443 1243 556 1316 partem
572 1233 767 1316 pertractabo.
783 1268 825 1279 —
839 1231 950 1314 lllrrupi
961 1241 1059 1294 autern
1074 1229 1288 1294 enarrationem

126 1334 156 1396 in
171 1353 207 1398 eo
220 1333 295 1410 loce,
311 1335 361 1398 ulii
381 1337 433 1399 lon
451 1336 594 1419 suspicari
615 1356 647 1399 ee
667 1337 819 1418 protessus
838 1345 884 1399 est
901 1335 987 1398 matri
1007 1353 1078 1398 suae
1097 1333 1234 1398 iniuriam
1253 1333 1291 1396 ab

127 1437 226 1522 aliquo
241 1437 348 1502 lactant
364 1447 562 1522 stuprumque
577 1439 690 1504 illatum
705 1459 781 1503 esse.
814 1439 887 1504 llinc
903 1439 959 1502 iam
981 1438 1091 1502 Creusa
1110 1455 1181 1500 suae
1201 1435 1291 1500 sortis
1383 1455 1386 1462 ’

126 1541 287 1614 admonita,
302 1541 411 1625 quippe
426 1561 518 1626 quum
534 1551 564 1605 et
583 1541 645 1626 ipsa
665 1541 752 1605 simili
770 1541 920 1625 quondam
943 1541 1048 1605 iniuria
1066 1539 1172 1602 riolata
1191 1537 1289 1612 luerit,

129 1643 322 1706 commodum
337 1645 373 1706 ad
388 1663 472 1708 suam
487 1664 606 1710 cauum
621 1645 763 1727 agendam
780 1645 936 1709 transitum
951 1643 1062 1726 arripit,
1076 1641 1120 1706 sio
1134 1649 1233 1706 tamen
1247 1647 1291 1716 ul,

127 1745 218 1810 oclata
233 1765 286 1810 sua
302 1765 437 1828 perrona,
453 1765 529 1830 quae
543 1747 598 1812 silai
610 1747 774 1812 acciderant
786 1748 816 1811 in
828 1749 925 1813 dctam
936 1745 1047 1812 amicae
1058 1745 1211 1809 mindam
1222 1761 1290 1828 per·

127 1864 233 1911 sonem
248 1848 415 1912 uanslerat.
1283 1839 1286 1846 “

329 1944 492 2013 Πέπονθι
513 1945 553 2034 τῇ
574 1945 618 2034 οῇ
638 1945 737 2035 μρνρλ
759 1943 863 2014 rederi
884 1971 936 2027 τις
958 1943 1048 2036 μονή,

128 2049 224 2130 inquit
236 2067 265 2112 r.
284 2049 356 2114 345.
379 2085 422 2098 -·
441 2052 473 2114 ln
493 2051 629 2134 proximo
650 2069 751 2126 vorsu,
774 2070 868 2134 quum
887 2053 1002 2118 codices
1024 2052 1126 2116 lenem
1145 2049 1290 2114 dicentem

128 2153 238 2218 iaciant

330 2253 399 2331 τίςς
423 2241 537 2319 εἶπον·
559 2245 596 2320 εἴ
612 2275 673 2336 μοι
695 2251 852 2338 ξυλλάβοι
873 2257 1045 2338 χαίροιμεν
1065 2245 1115 2330 ὄν,

129 2355 300 2419 inusitatam
316 2357 463 2420 veteribus
478 2359 580 2422 Atticis
595 2358 760 2442 imperativi
771 2360 897 2423 loruram
910 2360 1077 2424 felicissima
1089 2356 1293 2422 emendatione

130 2458 256 2521 removit
271 2459 473 2522 l'erdinandus
489 2459 591 2534 l'renr,
606 2459 671 2535 ric:
694 2453 724 2524 ei
748 2455 854 2526 ιιόνοο
874 2483 934 2544 μοι
957 2455 1115 2543 ξυλλάβοι
1138 2494 1182 2507 -
1202 2475 1291 2542 quam

129 2561 236 2624 merito
252 2561 439 2624 llermannus
454 2563 603 2644 ceterique
617 2573 686 2645 post
700 2565 779 2629 laune
793 2565 921 2629 editores
936 2585 1042 2630 omnes
1056 2571 1239 2646 recepcmnt.
1249 2593 1293 2608 -

128 2663 170 2726 lle
184 2664 278 2726 amica
293 2663 381 2746 igitur
393 2681 447 2728 sua
462 2665 676 2728 clandestinum
693 2667 860 2730 vaticinium
877 2669 986 2732 Creusa
1007 2689 1039 2730 ee
1054 2667 1213 2750 potituram
1227 2681 1291 2726 esse

128 2765 169 2828 ait
183 2783 209 2826 r.
226 2765 303 2840 348,
324 2763 353 2826 lr.
368 2785 394 2827 o.
409 2765 485 2828 elam
498 2765 560 2828 riro
576 2785 647 2840 suo,
667 2777 700 2831 ut
715 2777 796 2852 patet
809 2789 845 2833 er
861 2789 887 2832 r.
903 2769 976 2832 ttlll.
990 2787 1057 2852 sqq.
1083 2768 1137 2831 lon
1151 2775 1250 2830 autern
1263 2762 1292 2828 ei

128 2867 183 2932 lrac
198 2869 227 2933 in
243 2887 275 2934 rc
290 2887 411 2952 operam
425 2887 509 2932 surm
526 2869 689 2952 pollicetur,
703 2889 730 2932 ν.
747 2869 820 2948 349,

330 2969 441 3059 λέγοις
463 2963 517 3039 ἄν·
541 2965 635 3060 ἡμεῖς
656 2960 760 3038 τᾶλλα
782 2968 1036 3061 προξενήσομεν.

130 3077 180 3143 stc
194 3079 274 3144 enim
290 3097 516 3163 saepenumero,
531 3077 619 3142 etiam
642 3077 673 3142 in
692 3079 820 3162 perlustri
837 3097 986 3153 corrutone,
1007 3073 1177 3164 προξενεῖν
1195 3077 1292 3142 minus

129 3183 248 3266 proprie
262 3169 378 3260 dietim,
393 3199 454 3248 non
469 3181 505 3246 de
520 3181 556 3246 iis
571 3181 620 3264 qui
634 3182 732 3264 aliquo
748 3179 933 3266 προξενίας,
952 3183 983 3247 Ιι.
998 3203 1025 3248 e.
1047 3183 1155 3266 publici
1175 3178 1294 3265 hospitii

130 3305 255 3351 munere
269 3289 443 3368 iunguntur,
458 3286 510 3350 sed
527 3285 563 3348 de
578 3283 738 3366 quibusvis,
753 3286 805 3369 qut
818 3287 946 3350 similem
962 3289 1109 3370 quandam
1124 3287 1208 3352 alteri
1222 3305 1295 3369 ope·

129 3407 194 3452 ram
209 3395 368 3472 praestant,
384 3407 473 3470 quam
489 3405 565 3470 quae
578 3405 594 3450 a
611 3384 783 3470 προξένοις
804 3390 922 3471 proprie
936 3389 1022 3455 dietis
1036 3389 1207 3463 civitatium,
1220 3407 1296 3472 qua·

110 3535 111 3540 ι
130 3491 205 3575 mm}
220 3487 396 3574 προξενίαν
415 3499 623 3572 susceperant,
643 3493 820 3573 praestanda
838 3491 951 3556 civibus
969 3503 1042 3558 erat.
1078 3493 1122 3557 Gt.
1145 3493 1247 3558 llelen.
1265 3507 1294 3556 ι.

134 3593 211 3658 tld:
242 3585 522 3677 ξιμπροξὲνροον,
551 3581 597 3666 ὥς
623 3584 710 3670 τύχω
736 3587 981 3673 μαντευμάτων.
1014 3585 1113 3679 Sepla.
1135 3594 1209 3660 0ed.
1232 3593 1294 3659 Col.

131 3713 157 3759 r.
175 3697 251 3760 425:
267 3693 312 3772 ὥς
333 3691 387 3758 νίν
402 3689 472 3757 πᾶν
484 3688 632 3756 τελοῦντι
648 3687 809 3778 προξὲνιι.
830 3695 979 3762 Plutarch.
996 3697 1057 3762 Sol.
1072 3717 1099 3762 c
1120 3699 1173 3761 ll:
1189 3713 1296 3780 προι-

131 3794 258 3864 ἑιιιινιο
277 3793 326 3884 epi
346 3789 475 3861 Σόλωνι
497 3789 671 3878 τυραννίδα
693 3791 932 3876 προξενοῦντες.
962 3799 1050 3865 l‘lura
1068 3799 1204 3886 exempla
1219 3797 1295 3865 rele

130 3901 231 3968 lexicis
246 3901 306 3988 peti
321 3907 445 3986 possunt
460 3899 504 3962 vel
518 3919 553 3963 ex
569 3896 659 3962 Ulrici
673 3897 747 3964 titre
761 3899 798 3964 de
813 3901 952 3983 proxenia
967 3921 996 3988 p.
1012 3903 1063 3968 tt.

216 4005 387 4071 incohatam
407 4000 450 4066 rei
468 3999 683 4086 expositionem
703 4019 796 4086 quum
815 4003 925 4069 &enea
942 4005 1116 4092 abmmpat,
1135 4007 1250 4092 pudone
1262 4025 1296 4072 se

131 4107 296 4194 praepediri
309 4107 421 4182 dicens,
436 4105 490 4170 lon
505 4125 531 4167 ι.
548 4103 607 4170 tot

200 4347 227 4430 2)
239 4345 297 4400 Vid-
311 4345 385 4413 illos.
397 4343 485 4399 baert.
496 4344 522 4398 ia
533 4345 586 4399 rita
595 4343 763 4412 Antisthenis,
776 4343 820 4411 vt,
831 4347 857 4414 ³,
868 4355 895 4402 et
906 4364 971 4417 qaae
982 4353 1015 4406 ed
1031 4353 1087 4409 kl.
1099 4371 1116 4409 a
1128 4355 1246 4426 Horatio
1256 4351 1296 4413 el·

132 4437 228 4488 οιιο.
250 4431 314 4486 ιιι.
328 4429 660 4498 ammonentem.
