3266 4958
831 397 851 466 8

254 591 364 656 eiectos
378 589 522 653 Pisistrati
545 587 623 654 blios
637 589 864 672 restitutamque
877 598 909 654 et
927 587 1043 654 bmnins
1062 587 1216 654 laudatam
1239 608 1256 653 a
1275 590 1424 656 Clistheue

256 691 374 755 Solords
389 691 517 754 lormam
532 691 723 774 reipublicae
738 692 943 766 Athenienses,
959 691 1031 756 dum
1049 711 1115 756 eam
1127 693 1328 776 incorruptam
1339 705 1424 760 tene·

203 855 205 858 .
225 839 230 850 .
254 795 335 866 bant,
350 793 441 876 gloria
456 795 622 878 opibusque
638 797 800 872 docuerint,
823 803 1017 879 portantem,
1033 813 1126 878 quum
1142 795 1271 877 ingenita
1286 807 1317 860 ct
1332 797 1424 862 inesi-

253 897 354 960 tabilia
369 897 519 979 popularis
534 898 651 980 imperii
666 899 742 962 mala
757 917 821 962 eam
838 895 1049 978 corrupissent,
1066 915 1155 978 quam
1176 897 1327 980 praecipiti
1342 899 1425 982 lapsu

252 999 423 1074 ceciderint,
438 1019 587 1084 exponere
601 1002 739 1066 hocloco
755 1000 925 1086 nihiluopus
945 1008 999 1063 est.
1026 997 1128 1082 Neque
1148 999 1219 1064 illud
1238 1017 1255 1062 a
1275 1017 1425 1084 quoquam

252 1103 384 1186 ignorari
397 1113 548 1186 putamus,
563 1105 610 1168 xix
625 1105 716 1170 ullam
731 1103 822 1168 luisse
837 1104 868 1167 in
883 1102 1003 1166 Graecia
1018 1103 1176 1178 civitatem,
1193 1102 1223 1166 in
1238 1120 1296 1186 qua
1307 1121 1369 1168 non
1384 1103 1425 1167 si·

253 1205 343 1270 milas
353 1215 443 1290 atque
458 1207 580 1272 hthcnis
595 1208 757 1272 discordiae
769 1207 1017 1291 optimatiumque
1027 1215 1057 1270 et
1068 1207 1256 1290 popularium
1268 1207 1428 1271 certamina

252 1317 451 1392 tyrannorum
462 1319 639 1394 prouentum
651 1310 811 1386 attulerint,
826 1327 955 1394 quorum
971 1309 1038 1372 licet
1051 1327 1114 1372 non
1128 1309 1214 1391 pauci
1225 1310 1278 1374 tiri
1292 1311 1427 1374 sollertes

252 1433 292 1477 ac
305 1414 421 1477 strenui
436 1422 610 1498 usurpatam
625 1434 642 1478 a
658 1433 690 1476 se
705 1417 883 1496 potestatem
899 1431 968 1478 cum
989 1431 1095 1495 magna
1114 1411 1317 1476 moderatione
1332 1414 1427 1478 bono·

252 1535 315 1600 quc
329 1517 448 1600 publico
462 1525 642 1592 exercerent,
659 1534 806 1599 nusquam
822 1525 922 1580 tamen
938 1515 1128 1580 diurturnum
1139 1513 1197 1579 hoc
1208 1533 1301 1598 genus
1312 1517 1428 1600 imperii

251 1638 385 1704 raroque
399 1640 415 1683 a
430 1621 562 1704 patribus
577 1619 614 1684 ad
629 1621 704 1686 filios
719 1620 896 1686 hanalatum
911 1619 1056 1692 videmus,
1072 1617 1155 1682 cuius
1170 1619 1213 1682 rei
1234 1637 1308 1700 quae
1323 1639 1429 1685 musac

252 1725 369 1788 luerint
383 1742 447 1788 non
461 1724 579 1788 diidcile
595 1733 641 1788 est
655 1723 692 1788 ad
706 1723 937 1807 intelligendum.
968 1721 1133 1786 laborabat
1147 1722 1228 1786 enim
1242 1740 1366 1805 regnum
1382 1733 1429 1806 tp-

252 1845 432 1902 rannorum,
448 1827 583 1910 quamvis
598 1827 771 1910 ceteroquin
794 1827 920 1890 ramasse
941 1824 1100 1896 laudabile,
1118 1824 1177 1890 hoc
1195 1827 1324 1890 maxime
1340 1828 1429 1903 malo,

253 1929 338 2012 quod
353 1947 417 1992 non
431 1929 533 2012 patriis
549 1929 682 1993 moribus
696 1931 832 2011 avitoque
847 1929 911 1992 iure
926 1947 981 1992 nce
991 1927 1156 1992 voluntario
1166 1929 1273 1992 cisium
1286 1929 1429 2010 obsequio

253 2031 446 2106 fulciebatur,
466 2031 518 2094 sed
533 2031 784 2113 quemadmodum
800 2033 827 2096 vi
843 2037 962 2114 partum
977 2039 1049 2104 erat,
1060 2032 1103 2094 sic
1117 2032 1206 2095 etiam
1226 2031 1346 2094 retineri
1361 2039 1429 2094 tan·

253 2142 323 2196 turn
338 2151 395 2216 per
407 2133 466 2196 rim
483 2141 608 2215 poterat,
624 2153 713 2214 quam
727 2133 848 2217 quidem
859 2143 943 2197 tanto
955 2133 1157 2216 impatientius
1168 2133 1245 2197 ciues
1256 2133 1429 2209 tolerabant,

255 2243 373 2318 quanto
394 2235 512 2318 saepius
530 2235 692 2310 accidebat,
718 2243 769 2311 ut,
786 2237 811 2298 si
826 2236 926 2299 minus
947 2235 1019 2318 ipsi,
1046 2236 1097 2317 qui
1118 2235 1205 2318 primi
1224 2253 1325 2298 rernm
1343 2235 1429 2318 potiti

254 2346 354 2412 amnt,
370 2347 471 2402 husen
485 2355 590 2401 eorum
606 2357 792 2403 successores
806 2344 955 2421 potestate
969 2337 1058 2402 nullis
1081 2337 1193 2420 legibus
1213 2339 1339 2402 coercita
1360 2355 1430 2402 cor·

151 2435 154 2442 ’
253 2441 339 2524 rupti
354 2441 498 2504 traditum
511 2461 527 2504 a
543 2441 676 2524 patribus
691 2441 850 2525 imperium
866 2441 994 2524 paternis
1009 2440 1121 2504 artibus
1135 2439 1263 2504 retinere
1282 2457 1343 2504 nou
1357 2459 1429 2523 pos·

252 2553 339 2608 sent:
355 2551 392 2606 ut
405 2543 495 2607 etiam
511 2543 543 2606 in
554 2544 612 2607 hoc
625 2562 732 2627 genere
748 2543 826 2607 idem
839 2545 919 2626 quod
934 2543 971 2607 de
991 2543 1137 2607 veteribus
1157 2544 1255 2625 regnis
1275 2542 1373 2607 dicere
1392 2543 1429 2606 li·

253 2657 332 2722 cent,
349 2645 537 2729 repudiatum
553 2665 617 2710 esse
632 2665 693 2710 non
709 2656 771 2711 tam
786 2647 869 2730 regni
884 2665 973 2728 (poam
984 2645 1169 2728 regnantium
1181 2643 1269 2708 uitiis.
1291 2645 1429 2708 Ceterum

253 2751 389 2814 strenuis
401 2749 460 2814 illis
473 2759 562 2832 atque
576 2749 704 2814 lontibus
725 2751 871 2834 tyrannis,
886 2751 943 2834 'qui
965 2757 1109 2834 occupato
1131 2749 1255 2833 imperio
1276 2748 1430 2814 discordiis

256 2855 396 2918 cis-ilibus
412 2856 502 2918 noem
517 2853 659 2928 fecerant,
675 2853 905 2936 haudquaquam
920 2854 1065 2934 honorem
1080 2870 1116 2917 ac
1129 2852 1260 2915 fauorem
1273 2853 1430 2935 sapientis·

253 2961 406 3024 simorum
421 2967 452 3022 at
465 2957 577 3042 patriae
588 2959 859 3023 amantissimorum
871 2957 1003 3020 uiromm
1014 2955 1143 3018 defuisse
1157 2955 1301 3036 Aeschyli,
1313 2957 1431 3019 Pindari

254 3065 446 3145 aliorumque
460 3063 595 3144 exempla
614 3062 834 3136 demonstrant,
855 3079 930 3143 quos
948 3059 1027 3122 haud
1049 3057 1159 3120 invitos
1180 3057 1210 3118 in
1232 3075 1336 3120 corum
1357 3059 1448 3122 aulis-

253 3175 391 3230 sersatos
402 3183 467 3228 esse
481 3163 642 3246 laudesque
656 3183 760 3228 eornm
777 3163 938 3228 celebrasse
954 3168 1079 3226 constat
1100 3159 1217 3222 Etcum
1228 3177 1289 3223 uno
1301 3159 1430 3234 illorum,

255 3269 388 3334 llierone
403 3271 598 3350 Spmcusano,
614 3267 800 3330 Simonidem
815 3265 982 3348 Xenophon
993 3263 1213 3344 colloquentem
1224 3261 1303 3336 iacit,
1320 3281 1431 3344 quum-

256 3391 316 3456 que
332 3371 360 3435 is
376 3369 413 3433 de
424 3369 567 3434 molestiis
581 3377 612 3433 ct
626 3370 764 3453 periculis
778 3369 946 3453 tyrannicae
959 3365 1048 3430 sortis
1063 3373 1187 3448 questus
1203 3373 1297 3439 esset,
1321 3367 1431 3430 condr-

226 3499 229 3504 ’
257 3485 394 3540 mantem
409 3491 479 3538 euru
490 3482 521 3537 et
535 3473 752 3549 cohortantem,
763 3481 798 3538 ut
809 3472 916 3536 melius
928 3471 965 3534 de
976 3468 1144 3534 conditione
1154 3486 1208 3532 aua
1222 3467 1343 3532 sentiat:
1360 3486 1429 3533 nam

256 3597 348 3664 posse
362 3576 453 3640 etiam
467 3585 593 3659 tpranno
609 3575 790 3660 contingere,
806 3583 840 3639 ut
855 3575 930 3640 bena
943 3572 1078 3638 iaciendo
1093 3571 1228 3636 subditos
1239 3571 1296 3636 sibi
1308 3573 1432 3636 tirmiter

256 3679 408 3746 devinciat
421 3678 639 3763 imperiumque
654 3697 744 3744 suum
759 3696 861 3744 aarum
885 3678 921 3742 iis
942 3684 1155 3760 acceptumque
1174 3675 1272 3740 iaciat.
1302 3678 1432 3760 Apparet

255 3785 330 3850 hinc
348 3800 460 3848 nomen
480 3791 674 3866 tyrannomm
695 3783 743 3848 illa
763 3791 859 3848 aetate
879 3799 941 3846 non
960 3790 1023 3846 um
1043 3781 1182 3846 odiosum
1202 3799 1238 3844 ac
1259 3779 1431 3845 detestabile

256 3887 348 3952 bonis
363 3887 434 3951 siris
447 3887 544 3951 rhum
558 3907 640 3963 esse,
655 3905 745 3970 quam
765 3885 930 3972 posteriora
949 3892 1103 3969 tempora,
1125 3901 1220 3967 quum
1240 3881 1318 3948 aliud
1338 3901 1431 3966 genus

257 3999 455 4073 tyrannorum
470 3991 579 4075 passim
594 3991 740 4056 extitisset
753 4009 789 4054 ex
804 3987 1057 4054 mercenariorum
1072 3987 1203 4052 militum
1217 3985 1358 4064 duobus,
1379 3989 1432 4071 qui

259 4093 343 4156 nubs
354 4109 409 4156 sua
422 4092 530 4158 uirtute
545 4093 597 4158 sed
619 4102 736 4158 tantum
756 4093 886 4157 externis
905 4089 1019 4156 auxiliis
1038 4089 1107 4154 irati
1125 4089 1361 4155 dominationem
1383 4109 1432 4156 ar·

262 4195 427 4278 ripnmant,
442 4213 536 4279 eaque
549 4213 621 4274 non,
634 4205 670 4260 ut
682 4195 797 4281 priores
811 4193 863 4272 illi,
878 4194 915 4260 ad
929 4193 1060 4258 sananda
1074 4191 1199 4258 usitatis
1214 4192 1307 4269 mala,
1327 4191 1380 4258 sed
1394 4193 1432 4258 ad

263 4313 335 4361 suas
347 4313 532 4381 suorumque
541 4299 716 4384 cupiditates
726 4297 884 4384 explendas
894 4289 1074 4382 impotenter
1083 4315 1119 4364 ac
1127 4295 1215 4362 loedc
1225 4294 1431 4360 abutebantur.

264 4397 328 4464 aas
341 4397 430 4464 unios
443 4416 568 4482 requam
581 4400 755 4485 legitimum,
770 4401 906 4488 quamvis
916 4401 1097 4468 Graecorum
1110 4399 1242 4467 cisium
1253 4406 1433 4486 propterera
