3186 4958
617 416 879 560 ,uoq

194 649 263 734 Cap.
285 648 324 726 ll,
347 651 383 714 5:
411 649 482 713 Sed
509 667 607 713 mare
634 647 778 730 pigrum
804 655 841 711 et
865 664 974 730 grave
998 646 1272 730 remigantibus

0 792 1 809 ι
108 754 320 836 ροιὶιίῑιουῑι
340 773 384 818 ne
405 753 529 816 ventis
550 751 698 834 quidem
722 751 877 833 proinde
899 751 1033 815 attolli.
1065 751 1196 816 Permira
1217 749 1273 814 luit

1 893 2 903 ι
109 855 210 920 liritzil
232 856 440 932 annotatioll,
461 855 622 918 inauditam
643 855 885 936 significationem
901 855 1039 917 adverbio
1055 855 1210 939 proinde
1225 873 1273 916 as·

1 959 2 1030 l
109 961 250 1036 serentis,
269 961 349 1044 quod
370 977 432 1022 nou
453 959 643 1042 eompamndi
663 959 722 1022 rim
738 957 846 1021 babere
863 959 939 1032 tult,
959 959 1011 1022 sed
1026 978 1092 1022 esse
1107 959 1126 1020 i.
1141 975 1170 1040 q.
1185 973 1273 1020 eon·

1 1109 2 1140 ,
112 1063 236 1140 tinuo,
252 1064 352 1128 nulla
367 1081 482 1140 mera,
498 1063 643 1147 temporis
658 1071 804 1148 potestate
819 1083 835 1127 a
852 1063 907 1126 loei
923 1065 1071 1126 translata.
1102 1059 1274 1137 „Quemad-

112 1167 235 1232 modum
256 1169 362 1232 enim“
384 1167 480 1250 lnquit
502 1175 727 1250 „protenus,
749 1166 828 1248 quod
849 1175 894 1230 est
914 1185 1010 1250 apro
1025 1169 1079 1242 (--
1093 1184 1205 1251 porro
1221 1182 1274 1228 seu

111 1273 277 1352 prorsus)
299 1269 505 1343 tendendo,
525 1269 633 1334 dieitur
652 1271 687 1334 ad
708 1271 930 1353 signideandum
951 1270 1060 1354 aliquid
1083 1290 1118 1333 er
1133 1270 1274 1354 aliquare

112 1375 253 1439 continuo
269 1375 387 1458 prodire
402 1373 550 1438 aestatim
566 1373 639 1448 fieri,
661 1373 701 1438 ita
716 1374 872 1457 proinde
888 1374 1045 1460 particulae
1059 1373 1135 1437 ratio
1150 1381 1274 1446 constat,

113 1478 138 1542 si
157 1497 192 1543 ex
214 1479 310 1563 aliqua
330 1497 362 1543 re
382 1478 482 1542 statim
507 1477 653 1561 pergitur,
674 1478 753 1562 quod
774 1479 859 1561 plane
875 1480 1010 1563 congruit
1024 1497 1092 1543 eum
1108 1476 1275 1560 germanico

112 1583 265 1646 selort.“
300 1583 340 1648 lle
360 1584 474 1648 ratione
495 1582 636 1647 nolumus
658 1601 738 1647 nune
758 1583 953 1648 contendere:
974 1602 1034 1647 non
1056 1583 1275 1654 intercedimus,

113 1689 275 1770 quominus
293 1687 450 1773 proinde
469 1687 556 1751 etlam
577 1687 662 1752 locali
683 1705 718 1752 ae
736 1687 891 1771 temporali
911 1688 1121 1771 signilieatione
1137 1687 1193 1750 diei
1209 1705 1276 1770 po·

83 1837 84 1840 ,
113 1791 233 1856 tuisse
254 1801 411 1866 statuatur,
430 1791 540 1856 scilieet
559 1791 665 1874 siquis
681 1792 775 1855 solam
791 1793 998 1875 etymologiam
1014 1791 1159 1874 respiciat.
1189 1787 1277 1871 lltqui

114 1911 175 1956 nou
197 1903 297 1958 tanuen
312 1895 454 1978 quidquid
470 1895 583 1958 ratione
600 1895 661 1957 lieri
677 1895 838 1958 lortasse
855 1897 999 1980 potuerit,
1020 1902 1174 1979 propterea
1189 1893 1277 1954 etiam

1 2003 2 2008 ’
114 2016 146 2060 re
166 2015 234 2061 vera
254 1998 365 2061 lactum
386 2007 447 2071 est,
468 2005 498 2060 et
518 1996 554 2059 ad
569 1997 810 2078 significationem
828 1998 986 2061 uerborum
1002 2009 1083 2061 certo
1098 2011 1280 2078 eognoscen-

1 2161 2 2190 ,
115 2099 183 2162 dam
200 2099 271 2162 nibil
286 2100 440 2183 proficitur
453 2097 568 2162 ratione
582 2099 786 2182 etymologica,
806 2101 862 2164 nisi
878 2103 996 2165 aeeedat
1011 2101 1098 2163 etiam
1116 2100 1236 2180 diligens
1250 2104 1281 2160 et

1 2193 2 2204 ¹
115 2212 250 2268 aeeurata
270 2222 343 2268 usus
364 2203 539 2266 observatio.
570 2203 632 2267 Usu
651 2212 749 2268 autem
772 2205 875 2280 islam,
898 2224 986 2288 quam
1010 2205 1139 2269 liritzius
1155 2200 1280 2268 commi-

1 2309 2 2312 ’
116 2307 250 2384 niscltur,
271 2307 516 2390 significationem
536 2308 763 2392 haudquaquam
785 2311 973 2394 comprobari
993 2319 1074 2375 eerlo
1095 2307 1203 2373 certius
1224 2313 1278 2370 est.

118 2411 192 2476 Num
214 2412 294 2495 quod
314 2431 408 2476 unum
429 2413 492 2476 eius
512 2415 682 2496 exemplum
704 2417 838 2502 pretulit,
862 2415 935 2480 llist.
952 2417 973 2489 l,
994 2415 1044 2488 30,
1061 2415 1091 2489 5,
1107 2413 1164 2476 boc
1177 2429 1280 2476 erem·

119 2516 201 2600 plum
224 2534 278 2600 pre
301 2516 383 2580 nullo
403 2517 571 2582 babendum
592 2539 657 2584 esse
678 2519 761 2584 laeile
777 2521 904 2602 patefiet.
935 2519 1055 2601 Legitur
1069 2517 1109 2582 ibi
1123 2517 1155 2581 in
1169 2515 1279 2583 codici·

118 2620 187 2684 bus:
214 2621 289 2686 Nee
312 2629 369 2685 est
395 2623 488 2704 plus,
514 2623 611 2707 quod
637 2641 701 2708 pro
722 2624 831 2688 caede
853 2623 1038 2708 principis
1058 2641 1165 2706 equam
1184 2619 1281 2706 quod

119 2725 384 2792 innocentibus
410 2725 535 2803 datura
561 2727 625 2791 sed
651 2728 806 2812 proinde
831 2749 848 2792 a
875 2729 983 2792 nobis
1003 2727 1180 2792 donativo
1203 2726 1283 2810 plus

119 2829 161 2892 eb
183 2831 304 2905 ladem,
326 2849 436 2914 quarn
460 2831 1284 2916 ebullisprolaeinoroaeeipietls,apparetque

120 2931 262 2997 liritzium
288 2935 359 2998 illud
385 2935 446 3000 sed
473 2935 631 3016 proinde
657 2954 711 3017 pro
732 2935 795 2998 sed
821 2937 943 3000 statim
964 2936 1120 3018 accepisse.
1151 2933 1284 2998 Pruden-

119 3037 225 3101 tissimi
246 3039 374 3104 editores
389 3039 486 3103 locum
502 3047 677 3121 corruptum
693 3059 759 3104 esso
774 3048 954 3104 censuemnt
968 3039 1197 3121 deleverunlqoe
1211 3037 1285 3101 alte·
1388 3066 1390 3070 ’
1527 3047 1530 3052 “

119 3158 188 3205 rum
208 3141 278 3206 illud
300 3143 400 3227 plus,
423 3150 528 3226 utpote
548 3141 737 3209 librariorum
760 3163 860 3210 erroro
881 3167 898 3210 e
918 3145 1070 3228 superiore
1090 3162 1178 3208 uersu
1200 3161 1286 3228 repe·

121 3245 226 3324 titum,
247 3265 306 3332 quo
328 3265 434 3329 genere
455 3246 593 3310 vitiorum
613 3247 686 3311 nibil
702 3249 733 3312 in
747 3249 839 3314 Taciti
854 3250 1004 3313 codicibus
1020 3249 1207 3331 irequentius
1221 3265 1287 3310 esse

122 3349 314 3416 Doederlinus
339 3352 431 3434 prael.
456 3371 485 3434 p.
502 3351 565 3414 xlv
585 3369 632 3433 sq.
651 3359 682 3414 et
702 3361 770 3438 post
791 3353 873 3416 bune
888 3352 1018 3415 lleraeus
1033 3351 1177 3424 ostendit,
1204 3347 1288 3412 Stud.

123 3453 187 3538 crit.
203 3453 234 3515 in
249 3452 351 3517 bledie.
367 3453 436 3518 Tae.
453 3453 538 3516 eodd.
553 3451 711 3534 (blarburg.
729 3453 924 3532 blllCCCLl'l)
940 3473 970 3538 p.
983 3455 1024 3518 73
1036 3474 1101 3538 sqq.
1132 3455 1224 3536 lgitur
1234 3453 1291 3514 boe

123 3553 193 3618 vitio
209 3555 326 3618 sublate
341 3555 494 3640 proinde
507 3563 629 3640 apparet
642 3555 745 3619 relerri
760 3555 795 3618 ad
811 3573 941 3637 sequens
955 3575 1078 3640 quam,
1093 3555 1289 3620 sententiam·

1 3721 6 3732 ,
125 3676 183 3740 que
202 3657 280 3723 bane
299 3678 379 3722 esse:
399 3657 507 3722 milites
527 3657 697 3722 donativum
720 3657 775 3736 (sie
794 3659 874 3722 enlm
890 3675 945 3742 pro
965 3658 1143 3724 donativo
1157 3657 1289 3723 seriben-

124 3761 210 3840 dum)
230 3761 269 3824 ob
289 3761 378 3827 fidem
397 3759 521 3844 proinde
542 3761 584 3837 (b.
604 3780 631 3824 e.
652 3760 773 3846 pariter)
793 3760 830 3824 ab
844 3760 1052 3844 loquentibus,
1071 3781 1161 3846 quam
1176 3761 1214 3824 ab
1227 3759 1291 3824 aliis

125 3879 179 3946 pro
194 3861 324 3926 laeiuore
338 3871 522 3946 sucepturos.

211 3963 350 4028 Ceterum
371 3965 402 4028 in
421 3963 594 4028 huiusmodi
608 3965 697 4040 loeis,
717 3963 768 4028 ubi
787 3965 985 4048 comparativa
1004 3975 1050 4030 est
1064 3963 1223 4049 particulae
1236 3963 1292 4037 ris,

126 4064 303 4148 plerumque
317 4082 379 4128 nou
394 4065 500 4152 proin
509 4065 550 4128 de
564 4067 616 4130 sed
632 4067 781 4150 perinde
796 4068 884 4131 scribi
899 4067 985 4139 solet,
998 4086 1054 4133 nee
1068 4069 1228 4132 defuerunt
1241 4065 1294 4150 qul

126 4169 248 4232 alteram
269 4167 398 4232 lormam
419 4167 527 4232 causali
547 4173 664 4234 tautum
684 4179 736 4235 aut
754 4169 922 4236 eonelusira
939 4169 1152 4253 significatione
1164 4188 1295 4256 usurpa·

126 4278 189 4335 tam
204 4289 269 4336 esse
284 4269 454 4346 crederem,
475 4289 552 4354 quae
571 4271 672 4356 opinio
686 4291 741 4338 eur
753 4273 828 4338 mibi
841 4273 915 4338 lulsa
929 4293 996 4338 esse
1010 4274 1156 4350 rideatur,
1171 4271 1296 4338 iudieari

171 4475 222 4621 lvd)
240 4473 319 4528 laed.
332 4437 866 4547 pdnaannladteraraetlaaleqeltar.
1073 4563 1094 4627 ⁴

210 4601 219 4620 ·
1054 4564 1069 4625 l
