3266 4958
737 424 888 522 ...⁴.²..

222 609 311 675 anuis
325 617 393 676 anto
406 609 612 695 Aristophanis
626 612 711 691 Ares,
726 621 778 679 aut
796 611 1019 679 concedendum
1039 613 1097 678 erit
1109 613 1216 680 lessio
1237 633 1299 680 uon
1321 615 1395 684 iusi·

220 713 452 796 quituminloue
460 715 640 782 Mercurium
651 717 779 802 pinnatis
790 717 931 783 talaribus
941 717 1042 793 luisse,
1055 736 1131 800 quae
1142 718 1179 782 ab
1188 719 1394 804 Aristophane,

220 816 274 878 Αι.
290 835 319 878 r.
334 815 406 890 etr,
422 817 449 881 ei
463 817 554 884 tribui
569 819 713 897 ridemus,
728 831 790 897 aut,
804 822 830 885 si
844 820 951 894 luerit,
973 838 1035 884 nou
1056 828 1158 884 tamen
1172 817 1306 904 ineptum
1321 843 1395 906 poe·

220 927 270 981 tae
285 919 383 983 visunt
398 939 473 996 esse,
488 930 523 986 ut
537 921 626 986 etiam
641 923 694 998 sic,
709 923 776 1006 quis
787 933 875 998 esset,
890 923 1008 986 disertis
1019 922 1115 987 serbis
1128 931 1310 1006 spectatores
1321 925 1396 988 edo·

220 1029 315 1084 oeret.
360 1022 487 1096 Scilicet,
503 1033 537 1087 ut
552 1023 583 1088 iu
598 1025 754 1106 proverbio
769 1033 825 1100 est,
842 1027 990 1108 superllua
1006 1043 1066 1090 uon
1083 1033 1202 1091 nocent
1240 1027 1337 1109 Atque
1353 1027 1397 1092 sic

221 1121 398 1205 Euripidem
413 1125 557 1188 iudicasse
572 1126 661 1191 otiam
676 1127 745 1190 hinc
760 1128 953 1191 manifestum
968 1127 1031 1190 lieri
1047 1127 1136 1200 dicas,
1153 1127 1234 1208 quod
1249 1145 1311 1190 uon
1325 1129 1397 1192 setis

221 1225 317 1290 habet
330 1225 395 1290 eius
409 1226 571 1290 Mercurius
585 1246 697 1292 nomeu
710 1247 800 1292 suurn
820 1229 994 1312 simpliciter
1013 1228 1160 1311 profiteri,
1179 1229 1231 1292 sed
1252 1229 1397 1312 originem

220 1345 347 1411 quoque
361 1328 398 1392 ab
412 1347 466 1392 ovo
481 1337 615 1392 materno
630 1331 746 1392 Atlante
760 1331 877 1414 repetit,
892 1331 923 1394 id
938 1330 1018 1412 quod
1033 1331 1262 1414 haudquaquam
1277 1350 1398 1398 necesse

219 1429 318 1494 luisse
333 1447 438 1494 omues
453 1431 586 1513 proiecto
601 1433 796 1496 consentient
839 1432 1002 1496 Exorditur
1017 1441 1116 1496 sutem
1131 1432 1179 1496 his
1194 1433 1343 1516 remdiusr

428 1521 558 1609 Ἄτλας,
575 1525 594 1596 d
609 1529 784 1612 χαλκέοισι
798 1527 917 1610 νώτοις
932 1525 1071 1619 ciparello

430 1630 521 1698 θιῶν
543 1629 690 1700 παλαιὸν
711 1623 805 1700 οἶκον
825 1628 994 1719 ἐκτρίβων,
1017 1631 1109 1698 θεῶν

427 1731 510 1816 μιᾶς
532 1729 635 1824 ipsos
658 1737 787 1812 Μαῖαν,
811 1724 834 1822 ἢ
853 1727 897 1817 ’μ’
919 1729 1067 1818 ἐγείνατο

424 1828 543 1922 Ἑρμῆν
563 1831 709 1924 μιγίστῳ
732 1831 826 1925 Ζηνὶ,
849 1833 1018 1918 δαιμόνων
1039 1830 1163 1922 λάτριν.

221 1937 377 2003 Atlantem
392 1939 481 2022 igitur
494 1939 581 2004 nobis
596 1940 736 2023 proponit
751 1940 867 2004 coelum
882 1939 1016 2004 humeris
1027 1939 1223 2004 sustinentem
1238 1947 1279 2018 et,
1292 1959 1399 2024 quem·

222 2039 391 2104 admodum
418 2059 488 2105 mor
509 2041 672 2123 apparebit,
698 2041 789 2106 etiam
804 2047 1067 2124 contorquentem:
1089 2059 1243 2126 quumque
1266 2043 1297 2106 in
1317 2043 1400 2108 coelo

227 2142 358 2206 deorum
371 2141 554 2207 domicilium
569 2161 634 2207 esse
649 2143 773 2218 dicatur,
787 2160 846 2207 um
860 2161 928 2207 cunr
945 2144 1028 2208 cocio
1039 2143 1128 2206 etism
1144 2143 1217 2208 deos
1232 2143 1401 2208 nuntiante

223 2243 341 2326 portari
357 2243 659 2326 circumtorquerique
674 2260 794 2308 necesse
804 2253 858 2320 cst,
868 2243 979 2326 pariter
988 2253 1022 2308 ut
1031 2245 1061 2307 iu
1070 2243 1155 2308 llere
1164 2244 1222 2307 iur.
1231 2245 1402 2328 clodulei

150 2388 159 2404 .
222 2343 378 2420 llercules,
398 2345 525 2408 Atlantis
545 2344 758 2428 aliquantisper
780 2345 916 2420 sicarius,
938 2336 1155 2430 durrpor'rrouc
1176 2342 1267 2408 θεῶν
1288 2337 1403 2424 oi'ssoue

224 2447 406 2512 sustinuisse
421 2448 537 2513 dicitur.
581 2448 685 2532 lt'egan
700 2457 799 2513 autem
816 2455 1003 2532 conpotem,
1019 2448 1063 2512 sic
1076 2449 1216 2512 confusas
1227 2467 1293 2512 esse
1304 2447 1402 2514 diver·

223 2571 275 2616 sas
292 2551 476 2616 diversarum
491 2558 623 2615 aetatum
640 2551 805 2634 opiniones.
851 2551 970 2616 Scilicet
983 2551 1165 2635 antiquiores
1182 2551 1238 2628 illi,
1259 2551 1311 2634 qod
1332 2571 1402 2615 coe-

225 2655 293 2718 lum
307 2654 346 2718 ab
359 2655 475 2718 Atlante
490 2655 603 2736 portori
618 2655 777 2730 linxerunt,
793 2655 878 2720 cuius
893 2655 1043 2738 opinionis
1062 2655 1193 2738 primurn
1215 2663 1323 2719 testern
1342 2655 1403 2718 lle·

225 2756 350 2820 siodurn
365 2755 520 2830 habemus,
542 2757 640 2838 theoq.
662 2775 689 2820 ι.
712 2757 785 2832 517,
806 2791 850 2803 -
864 2775 934 2821 nam
949 2756 986 2820 de
1001 2753 1124 2822 llomeri
1139 2758 1214 2834 loco,
1231 2757 1286 2822 0d.
1307 2759 1334 2831 l,
1350 2759 1402 2832 55,

226 2877 292 2924 nou
303 2860 376 2922 satis
391 2859 484 2942 liquet
494 2861 534 2936 ⁵),
548 2893 592 2906 -
607 2859 679 2924 deos
700 2878 762 2924 uon
781 2860 812 2924 iu
834 2861 940 2924 eodem
955 2862 1038 2925 coelo
1053 2861 1185 2924 halutme
1200 2877 1318 2943 unaque
1333 2878 1401 2923 cum

228 2985 268 3028 eo
283 2963 452 3046 circumagi,
467 2963 518 3026 sed
534 2963 607 3028 alios
622 2964 653 3027 in
673 2972 775 3028 monte
795 2964 936 3048 Olympo,
956 2965 1030 3028 alios
1050 2965 1080 3027 in
1100 2963 1197 3046 aliqua
1215 2972 1300 3045 parte
1323 2959 1404 3026 orbis

226 3074 379 3132 terrarum
390 3065 500 3129 versari
514 3065 718 3141 credideruut;
733 3067 913 3149 posteriores
928 3076 1040 3142 autem,
1055 3086 1150 3150 quum
1165 3067 1290 3130 deorum
1306 3064 1404 3128 dorni·

228 3169 332 3236 cilium
355 3177 387 3233 et
411 3187 523 3232 nomen
551 3187 671 3251 quoque
692 3169 808 3252 Olympi
835 3169 872 3233 de
898 3179 1001 3233 moute
1025 3169 1057 3233 in
1083 3171 1200 3234 coelum
1227 3169 1404 3232 translatum

228 3277 321 3348 esset,
340 3270 367 3332 si
386 3271 445 3334 hoc
462 3271 579 3334 coelum
603 3269 697 3334 uilrilo
717 3272 818 3335 miuus
837 3280 940 3335 tamen
959 3288 1018 3334 uua
1038 3289 1108 3336 cuno
1128 3271 1183 3334 diis
1204 3270 1403 3336 incolentibus

230 3369 394 3435 sustentari
414 3368 451 3434 ab
471 3371 589 3434 Atlante
609 3383 638 3434 et
658 3373 849 3456 contorqueri
868 3372 1045 3446 voluerunt,
1076 3371 1265 3436 absurditatis
1287 3373 1404 3455 cuipam

231 3471 416 3536 contraxisse
438 3469 554 3536 dicendi
577 3480 663 3546 suut,
686 3473 853 3554 meritoque
877 3481 1035 3556 propterca
1050 3491 1067 3535 a
1081 3472 1220 3548 Lucieno,
1236 3473 1403 3557 contempl.

231 3592 259 3637 r.
276 3575 307 3648 «i,
322 3571 492 3636 irridentur.
541 3571 644 3655 Neque
668 3583 771 3640 tomen
794 3593 900 3639 omnes
926 3574 956 3638 id
980 3573 1110 3638 voluisse
1135 3575 1324 3650 crediderim.
1350 3577 1403 3641 sed

230 3673 325 3738 rouo
339 3673 441 3750 seam,
457 3673 508 3756 qur
522 3675 952 3748 consentaneorum
967 3693 1027 3758 quo
1044 3673 1086 3738 aa
1106 3673 1290 3753 eulmen,
1311 3678 1404 3742 otto
1457 3714 1459 3718 .
1600 3645 1602 3692 ³

232 3774 338 3838 muudi
352 3773 497 3840 extimum
511 3795 689 3860 semperque
704 3777 875 3852 immotum,
889 3779 971 3842 huuc
980 3777 1092 3852 aulem,
1108 3793 1197 3859 quem
1209 3779 1290 3843 litlas
1300 3787 1404 3862 porta·

232 3881 281 3938 ret
293 3882 326 3939 et
338 3883 500 3959 torqueret,
515 3877 593 3942 inire
607 3878 690 3942 illum
706 3899 800 3963 eoque
814 3881 1030 3945 circumdatum
1045 3897 1111 3944 esse
1130 3885 1311 3958 statuereut3
1336 3899 1404 3945 esse

232 3983 334 4040 autem
348 3985 449 4061 portas
463 3977 536 4044 duas
549 3980 581 4044 iu
594 3981 631 4045 iis
645 3981 720 4047 coeli
733 3983 882 4066 partibus,
903 3981 955 4046 ubi
974 3982 1086 4046 lacteus
1106 3980 1235 4046 circulus
1249 3983 1403 4047 zodiacum

237 4085 361 4152 mot,
381 4096 436 4161 por
452 4098 526 4164 quas
550 4081 583 4146 iu
607 4083 793 4167 superiorem
818 4085 902 4150 illum
927 4083 1033 4150 orbem
1054 4102 1197 4150 ascensus
1233 4091 1286 4150 aut
1309 4103 1346 4148 sa
1367 4103 1403 4148 so

237 4233 439 4248 Μ

305 4319 333 4386 i)
349 4317 389 4374 cl.
401 4319 481 4374 suot
497 4319 537 4374 al.
554 4319 757 4377 hillsrmaaa.
777 4337 864 4391 opusc
881 4321 935 4378 vu.
952 4325 1056 4393 pedu.
1072 4325 1098 4380 i.
1113 4325 1139 4378 «l.
1154 4320 1297 4392 Wagner,
1311 4316 1403 4374 lilslas

236 4402 363 4458 sustu
380 4405 461 4474 mi.
477 4405 659 4476 ilaqelabach.
675 4407 941 4478 Theotmum·
