3186 4968
676 395 826 493 σα.

162 583 278 648 etiamsi
293 583 359 668 quis
378 576 597 670 unqenidam
622 589 731 648 terram
757 581 915 647 detentere
935 589 1059 646 conetur
1078 575 1256 666 σρνφαὶέας
1273 601 1330 645 ex·
1420 565 1422 568 ⁵

163 687 272 773 emplo,
287 687 367 772 quod
389 703 499 752 nomen
516 685 642 769 σαςίοσίν
663 685 692 750 in
715 685 923 770 Peloponneso
943 684 1014 752 luit.
1035 693 1136 750 umen
1156 683 1240 748 alteri
1260 701 1330 749 cor·

163 791 286 856 sesicut
302 791 396 855 multo
411 787 515 854 leniori
530 806 591 852 non
613 789 667 853 erit
688 789 888 874 praeterendo.
916 778 1114 873 Ἐσνφέλισι
1135 795 1234 850 autem
1255 787 1328 872 quin

163 891 193 968 ii,
208 894 258 976 qui
275 893 410 956 tribubus
425 899 668 971 praesummus
683 891 739 956 diri
755 893 915 978 potuerint,
931 908 1030 964 nemo,
1046 890 1160 975 opinor,
1174 888 1327 954 dubitabit

162 993 305 1059 similiter
317 987 526 1074 έπιλνμένισς
539 993 690 1058 dicebatur
704 994 859 1080 Neptunus
870 1003 1010 1079 portuum
1024 1012 1151 1079 praeses,
1170 1001 1223 1058 sut
1236 991 1327 1056 etism

162 1091 356 1180 έπνλέμνισς,
378 1106 409 1160 et
437 1085 635 1180 έσισιργέα,
656 1089 893 1180 inrumpente,
917 1096 1005 1160 etism
1028 1091 1244 1182 έπνπιργῖτνς
1272 1093 1329 1159 tli-

161 1219 260 1276 ncrtt,
275 1221 293 1266 a
308 1192 460 1286 πέργσνς,
475 1217 535 1280 quo
550 1199 670 1262 nomine
684 1199 762 1284 apud
778 1199 947 1276 nonnullos,
963 1199 1052 1266 veluti
1062 1199 1150 1264 Teios
1161 1216 1327 1284 corumque

160 1307 282 1370 colonos
297 1305 459 1379 imerius,
475 1305 562 1368 etiam
578 1323 669 1388 pagos
682 1305 845 1388 appellatos
859 1323 923 1368 esse
939 1303 1144 1387 inscriptiones
1157 1303 1273 1369 docem.

218 1403 220 1408 ’
247 1408 346 1492 Eurip.
364 1407 475 1472 llecub.
491 1427 517 1472 ν.
537 1405 596 1474 189
607 1427 689 1492 sqq:

362 1505 495 1599 Σφᾶξαν
519 1503 556 1576 α’
577 1501 734 1597 >spretor
754 1507 850 1576 noted

363 1611 515 1696 ξυντεένσι
540 1611 625 1700 πρὸς
646 1610 770 1699 τύμβον
792 1607 904 1699 γνώμα

362 1711 513 1806 ssqlatde
535 1713 638 1804 γέννα.

160 1823 221 1888 lam
237 1825 307 1888 olim
322 1825 359 1887 de
374 1823 499 1888 lectione
514 1833 544 1886 et
558 1823 799 1907 interpretatione
814 1823 921 1887 luorum
931 1841 1070 1888 uersuum
1082 1823 1249 1888 dubitatum
1260 1843 1326 1889 esse

160 1927 271 1992 scholia
286 1927 507 2004 demonstrant3
526 1936 578 1990 aut
592 1927 672 1992 enim
693 1923 790 2013 κοινᾷ
812 1923 934 2014 γνώμᾳ,
957 1927 1055 1990 dativo
1074 1946 1160 2000 casu.
1182 1928 1326 2012 scriptum

160 2031 252 2095 luisse
273 2031 391 2106 docent,
408 2031 553 2115 turbaque
567 2031 611 2096 sin
624 2035 808 2095 constructa:
839 2023 931 2113 γέννα
954 2023 1103 2114 ldqur'dn
1125 2032 1223 2118 κοινᾷ
1245 2024 1328 2114 γνιέ-

158 2153 207 2220 μᾳ
220 2125 378 2218 Ἅργεέανν
399 2127 555 2212 §rosselon
571 2152 608 2198 σε
624 2127 754 2220 σφάξαι
770 2127 857 2217 πρὸς
872 2124 1005 2215 scindor,
1020 2141 1071 2198 ant
1092 2130 1188 2198 νσινᾶ
1207 2127 1329 2216 γνώμα.

159 2237 229 2301 casu
245 2238 435 2314 nominativo,
451 2237 506 2302 ltac
518 2237 674 2302 sorborum
687 2237 924 2300 constructione:
939 2232 1036 2299 snaed
1052 2227 1328 2320 γναὶμαᾍργεέων

159 2333 312 2418 herodem
338 2333 463 2424 σφάξαν
489 2357 527 2402 σε
549 2336 636 2424 σρὸς
657 2333 780 2421 tripedes
805 2335 970 2423 llqdcidns
993 2333 1099 2422 γέννα,
1120 2350 1155 2404 ut
1174 2335 1269 2425 γέννα
1288 2341 1328 2404 sit
1455 2403 1465 2417 ,
1543 2375 1549 2383 -

159 2441 317 2515 vocativus,
332 2441 521 2524 Polyxenam,
536 2460 626 2526 quam
643 2441 760 2506 llecuba
775 2441 942 2524 alloquitur,
957 2439 1131 2525 designans3
1146 2461 1326 2526 quamquam

87 2600 88 2604 ,
159 2544 222 2608 aliis
239 2543 330 2625 magis
345 2545 453 2628 placuit
467 2537 572 2630 γέννᾳ,
586 2545 683 2608 dativo
698 2563 778 2618 casu,
794 2563 862 2608 cum
879 2539 1029 2628 Πηλεΐδα
1049 2545 1270 2628 coniungendo,
1292 2554 1326 2609 ut

159 2647 373 2728 sipnttteamtur
387 2645 600 2728 Neoptolemus
617 2647 731 2710 Pelidae
747 2647 834 2720 lulius.
857 2647 904 2710 cui
925 2649 983 2711 ltoc
1004 2663 1179 2712 concessum
1204 2649 1326 2731 Argisu-

161 2767 228 2814 rum
248 2765 396 2812 consemu
422 2748 577 2824 diceretur,
600 2757 633 2812 ut
655 2748 833 2832 Polyxenam
856 2751 1031 2814 immolaret
1062 2753 1139 2814 Sunt
1158 2749 1247 2834 igitur
1266 2761 1327 2814 tres

160 2851 333 2926 sententiae,
350 2869 476 2935 quarum
492 2869 550 2916 um
566 2869 700 2936 quaeque
715 2853 803 2917 etiam
819 2854 897 2918 inter
909 2855 1090 2918 recentiores
1108 2871 1202 2918 unum
1217 2865 1268 2918 snt
1282 2855 1326 2918 al·

161 2967 257 3020 terum
273 2955 514 3041 adstipulatorem
529 2955 639 3021 habuit
669 2955 739 3021 ttttn
754 2956 832 3020 nulls
847 2957 917 3020 satis
933 2957 1036 3040 placet,
1061 2957 1243 3040 minimeque
1258 2979 1326 3023 om·

162 3059 245 3124 nium
261 3059 318 3134 illa,
333 3078 423 3145 quam
438 3059 514 3124 alter
531 3061 703 3125 scholiastes
723 3069 872 3146 praestare
893 3070 991 3145 putat,
1012 3071 1045 3126 ut
1066 3055 1159 3145 γέννα
1178 3065 1327 3128 rocatirus

160 3161 209 3238 sit.
225 3181 286 3246 quo
301 3163 389 3228 liliam
406 3163 524 3229 llcouba
538 3165 715 3248 alloquatur.
745 3165 869 3251 Scripsit
888 3165 1014 3231 sonasse
1034 3165 1188 3250 Euripides
1201 3163 1329 3256 llqutp
1415 3153 1417 3158 ⁸

161 3259 264 3352 γέννᾳ,
281 3267 378 3332 Pelcio
394 3268 462 3342 lulio,
479 3269 508 3332 la.
524 3287 550 3331 e.
561 3267 675 3345 dcltilli,
690 3267 859 3354 pendetque
871 3268 920 3335 hic
930 3269 1045 3334 dativus
1056 3291 1073 3335 a
1085 3271 1175 3336 verso
1187 3269 1328 3359 σφάξαν.

161 3363 293 3452 ltqtrla
314 3363 409 3453 γέννα
430 3389 484 3454 pro
501 3365 641 3456 Πηλέως
657 3365 761 3454 γέννα,
784 3371 958 3438 adiectivum
974 3393 1030 3461 pro
1044 3375 1183 3458 genitivo,
1198 3385 1233 3440 ut
1247 3377 1328 3441 Ass·

161 3463 329 3552 νσμέννιαν
351 3469 460 3536 muido
483 3473 626 3538 Pindarus
638 3474 722 3558 Pytln
739 3475 775 3545 lt.
795 3475 843 3552 ld,
864 3471 1072 3557 Τελαμώνιον
1093 3469 1165 3541 uide
1180 3477 1328 3543 llomcrus

160 3571 240 3636 dicit.
270 3572 451 3638 Adiectitum
469 3567 624 3659 llq'dsroc,
646 3575 712 3640 licct
730 3577 797 3642 tlibi
818 3595 873 3642 nco
891 3579 929 3642 ab
950 3579 1079 3644 llomero
1099 3597 1155 3644 nec
1173 3599 1190 3644 s
1211 3581 1328 3664 tragicis

160 3681 346 3760 usurpatum,
363 3695 415 3760 per
429 3697 461 3741 sc
476 3677 574 3760 ipsum
590 3677 663 3742 nihil
674 3679 844 3744 offensionis
856 3679 953 3756 nabet,
965 3691 1105 3766 extatque
1115 3681 1205 3748 etiam
1217 3684 1249 3748 in
1262 3685 1327 3768 epi·

160 3787 323 3860 grammate
336 3773 481 3867 Πήλιισν
503 3775 592 3862 dopo.
626 3781 670 3846 ct.
685 3781 797 3847 lacobs.
812 3783 849 3847 sd
872 3783 991 3849 munt.
1007 3795 1082 3850 tom.
1099 3783 1138 3848 tlt
1150 3805 1180 3869 p.
1196 3787 1269 3850 did.

245 3879 392 3968 Hippolpt
409 3901 436 3947 ν.
452 3881 493 3949 ts
509 3901 592 3967 sqq:

360 3976 456 4062 ὅσαις
478 3982 636 4051 διδακτόν
655 3983 760 4074 μηδὲν
781 3978 854 4052 dlt'
876 3981 911 4052 έν
931 3989 974 4076 τῇ
995 3983 1094 4076 φέσα

359 4083 398 4152 sd
420 4091 605 4176 σωφρονεῖν
626 4081 754 4176 εἴλιγγον
774 4083 823 4168 εἷς
842 4087 887 4154 sti
910 4085 1014 4156 πάνθ’
1037 4083 1139 4174 ὁμῶς,

359 4182 492 4268 τούτοις
514 4187 714 4272 δρέπεσθαι,
736 4193 806 4270 τοῖς
826 4192 958 4257 κακαῖσι
982 4185 1060 4258 d'ori
1080 4192 1192 4279 θέμις.

73 4327 76 4332 .
120 4321 123 4330 2
156 4287 336 4354 Valckenarii
351 4293 560 4366 emendationi.
574 4285 661 4358 utto
682 4285 711 4377 γ’
722 4287 743 4380 ἡ
767 4289 879 4382 φύσις,
895 4297 1049 4363 llondtins
1064 4301 1173 4364 metito
1187 4305 1327 4385 praetulit

157 4384 368 4457 Porsonimam
385 4383 478 4472 ὅστις
500 4391 659 4461 drdnasdr
678 4393 783 4485 μηδὲν
799 4433 823 4443 -
845 4415 938 4462 :nam
954 4419 1029 4483 quac
1043 4401 1088 4466 sic
1101 4421 1221 4486 quoquc
1234 4415 1327 4470 motat
