3186 4968
770 511 919 610 -ιει-

262 719 327 764 osso
340 700 538 764 oertiasimum
553 705 608 772 eat,
624 707 653 762 et
664 699 689 772 ai
704 699 755 782 qui
776 699 861 762 allam
880 699 908 761 ei
927 700 1088 781 attingunt,
1111 707 1172 765 non
1192 704 1330 769 audiendi
1349 715 1429 770 aunt.

261 801 334 876 Quia
348 809 447 864 autem
460 803 622 866 terminos
633 803 726 865 lorten
737 801 854 864 inbelle
865 803 976 866 ooeiaoa
988 809 1128 885 tanquam
1146 807 1319 886 purgamina
1338 826 1429 888 quae·

261 903 329 966 elam
344 922 360 966 a
374 903 466 968 llarto
480 905 611 974 sublatos
625 901 705 968 elicii
721 904 929 968 l‘rutlentiom
943 905 1042 970 locum
1057 907 1277 970 emendandum
1290 926 1365 982 esse,
1381 908 1430 970 alii

260 1005 354 1078 aliter,
374 1015 569 1070 oonauomnl:
591 1024 660 1069 nam
681 1013 732 1069 aut
752 999 1023 1090 λκραπισθέντας
1042 1013 1094 1072 aut
1124 1001 1359 1091 λξορισθέπας
1379 1018 1431 1072 aut

279 1103 499 1186 ξαλοσλὲιαας
518 1119 569 1174 aut
583 1101 811 1192 λξαμηθένιας
829 1110 1085 1183 commendarunt,
1107 1128 1235 1192 quorum
1262 1110 1332 1184 hoe,
1350 1111 1429 1191 quotl

262 1221 412 1296 postremo
426 1213 490 1277 loco
505 1213 600 1298 posui,
616 1211 721 1276 celeria
733 1209 849 1285 melius.
865 1219 1040 1274 nontamen
1056 1212 1281 1296 praeterendum
1302 1232 1367 1276 ease
1382 1213 1429 1276 iu·

261 1313 327 1380 ‹liu›
341 1334 424 1379 meae
439 1314 637 1380 emendationi
652 1306 902 1392 ἐξοινωθέντας.
923 1304 1089 1392 Ἐξανῦειν
1103 1315 1139 1379 tle
1154 1315 1359 1380 interimendis
1375 1315 1429 1379 lto-

261 1418 392 1484 minium
406 1419 483 1504 aputl
500 1419 662 1484 llomerum
677 1427 776 1482 extare
790 1426 896 1482 notum
908 1425 970 1481 eet:
983 1417 1087 1482 coelem
1098 1437 1190 1483 sensu
1199 1418 1325 1504 eimplex
1339 1409 1429 1484 deleo

261 1533 307 1586 est
322 1525 399 1606 aputl
416 1524 576 1588 Pindarum
598 1523 683 1606 l‘pth.
704 1523 766 1596 xli,
785 1521 842 1585 20:
864 1515 1010 1605 llepoeic
1031 1513 1139 1587 ὁπότε
1160 1515 1271 1604 τρίτον
1293 1513 1430 1587 ἄλεσσαν

260 1620 465 1711 κασιγνήτων
485 1620 594 1710 μέρος.
617 1633 647 1689 ot
672 1627 701 1690 in
716 1627 926 1709 epigrammate
940 1625 1031 1707 ignoti
1052 1634 1165 1710 poetae,
1185 1626 1273 1689 Anth.
1290 1625 1351 1690 Pal.
1369 1625 1428 1700 tut,

261 1729 339 1793 att:
356 1719 392 1792 le
412 1723 501 1816 φάος
513 1721 612 1805 Ἀοῦς
634 1719 732 1792 ἂίοσι
754 1725 815 1792 τάν
837 1719 928 1811 ἱερᾶν
942 1720 1138 1804 Λοσιδίκας
1153 1722 1273 1812 γενεάν.
1312 1729 1349 1791 tn
1363 1748 1428 1791 nto·

259 1831 332 1896 mini
348 1825 496 1910 λξανόειν
516 1832 604 1895 etlam
621 1831 699 1916 apud
715 1831 903 1913 Sophoclem,
926 1831 1032 1894 Elootr.
1053 1849 1080 1895 v.
1099 1829 1151 1906 96,
1170 1850 1186 1894 ε
1206 1831 1324 1895 lloialtio
1345 1848 1428 1894 eom-

260 1935 535 2010 mantuanense,
555 1953 648 2017 quum
671 1953 723 2006 eo,
744 1933 824 2014 quot
844 1933 885 1996 ibi
907 1933 1025 1997 eolioea
1040 1932 1161 2006 hebent,
1176 1933 1307 2017 φοίνιος
1327 1923 1430 2017 ’Άρης

207 2047 211 2054 “
261 2028 320 2102 otia
342 2031 490 2116 ἐξένισεν,
505 2031 842 2102 οοιίλιειιολοιιιοοοολοεει
863 2027 1020 2120 ἐξήνυσεν.
1043 2035 1230 2116 Quamquam
1243 2035 1292 2098 illo
1308 2035 1427 2117 quidem

260 2139 325 2204 loeo
340 2141 475 2204 coelicum
490 2141 646 2205 lectionem
661 2140 770 2204 servari
785 2139 878 2202 satius
892 2147 965 2217 orat,
981 2158 1056 2221 quae
1072 2157 1133 2221 quo
1150 2139 1240 2202 moelo
1255 2138 1428 2218 explicanda

259 2243 299 2305 ait
313 2253 430 2326 praeter
443 2263 511 2316 eoa,
534 2243 585 2325 qui
599 2243 635 2305 ab
651 2243 822 2306 llermanno
837 2241 1008 2316 laudantur,
1030 2241 1119 2306 etiam
1141 2240 1303 2304 uetat-tius
1323 2240 1428 2303 donne

259 2353 358 2426 potent
371 2346 407 2409 ad
424 2345 515 2427 Soph.
533 2345 680 2408 ueneat.
697 2364 726 2428 p.
750 2345 822 2408 208.

343 2447 377 2512 ln
393 2447 470 2512 tertii
485 2447 597 2511 stasimi
612 2447 735 2530 atropha
749 2446 845 2529 prima
860 2466 887 2510 ι.
903 2447 965 2510 700
980 2465 997 2509 a
1012 2444 1160 2528 plenaque
1174 2443 1312 2509 auihitur

459 2541 670 2630 Πσλῦανολρσί
690 2567 727 2612 ει
748 2541 957 2634 σεροὶσιιιὸες
977 2543 1110 2634 κονσςσλ

459 2647 545 2734 πρὸς
566 2644 657 2731 λ’χνος
679 2647 810 2715 ιιλαιᾶν
832 2641 979 2738 ἄφαντον

457 2748 643 2820 κελσάντων
664 2748 845 2835 Σιμόεντος

458 2849 561 2934 ἀκτᾶς
582 2848 637 2922 ἐπ’
660 2845 888 2943 σἰξιφῦλλσος.

259 2955 294 3022 Et
309 2953 439 3024 πλατᾶν
460 2961 589 3043 quidem,
605 2979 659 3042 pro
682 2955 821 3033 πλάταν,
844 2959 924 3042 quod
940 2957 1057 3023 ootlioea
1076 2957 1202 3032 habent,
1223 2957 1326 3041 ulique
1348 2959 1426 3022 reci·

258 3061 397 3145 piendum
412 3063 485 3128 luit:
502 3064 539 3127 ilo
559 3053 744 3126 κελσάντων
764 3061 991 3126 retinendumue
1010 3079 1048 3125 an
1071 3079 1138 3126 cum
1160 3056 1334 3137 κε’λσανοες
1357 3081 1425 3143 per·

257 3145 433 3229 mutandum
449 3166 489 3229 ait
503 3166 670 3247 ambigitur.
701 3164 941 3228 Soltneielewinue
957 3165 1077 3246 quidem
1097 3159 1279 3228 κελσάνιων
1293 3167 1425 3230 attinens
1467 3159 1470 3164 ’

258 3267 393 3333 Paridem
408 3275 439 3331 et
455 3268 595 3332 Helenam
616 3267 737 3350 intelligi
756 3268 864 3342 voluit,
884 3275 1037 3350 quumque
1054 3269 1176 3333 verbum
1197 3269 1315 3332 stantum
1339 3270 1424 3343 desit,

232 3441 234 3444 ,
255 3389 374 3435 eversu
390 3371 463 3445 tus,
479 3371 530 3435 ubi
545 3381 591 3435 eat
606 3367 755 3449 ἔπλευσε,
767 3391 848 3436 nuno
859 3375 1001 3458 pluralem
1014 3367 1178 3438 ἔπλευσαν
1188 3371 1423 3435 subaudit-mlum

256 3471 370 3536 otatuit.
401 3473 567 3556 Utrumque
588 3474 714 3549 durum,
731 3493 824 3557 quum
845 3476 934 3540 unius
954 3475 1097 3550 Helenae,
1119 3475 1289 3539 nonullam
1312 3474 1425 3538 Parilia

256 3583 341 3638 antea
360 3576 474 3640 mentio
495 3575 572 3639 lacta
591 3577 645 3650 eit,
665 3587 697 3641 et
710 3585 917 3660 persecutores
932 3577 1069 3653 llolenae,
1085 3578 1136 3662 qui
1150 3579 1248 3660 aliquo
1264 3587 1331 3660 post
1346 3588 1425 3641 tem-

254 3695 327 3760 pore
343 3679 462 3762 neatigia
476 3679 541 3744 eiua
556 3680 704 3762 legerunt,
720 3681 874 3764 proprium
894 3681 950 3745 eibi
971 3682 1093 3746 verbum
1114 3701 1237 3766 posuero
1259 3682 1423 3746 videantur.

207 3847 208 3850 ,
256 3781 356 3845 Semta
370 3781 428 3847 lton
442 3781 621 3867 llantungun
637 3784 764 3867 ideoque
779 3777 896 3849 κε’λσαν
911 3781 998 3866 πρὸς
1011 3779 1193 3867 Σιμόεντος
1213 3775 1316 3861 ολκοάς
1331 3777 1425 3862 ἀεξι-

255 3877 398 3969 φύλλους
420 3887 553 3970 scripsit:
579 3887 653 3951 milti
673 3907 742 3952 eunt
762 3888 872 3952 Aurato
893 3887 1018 3971 aliisque
1039 3885 1211 3965 κέλσανεες
1232 3888 1423 3952 scribentium

257 3985 380 4063 violetur,
395 3987 517 4053 verbum
533 3991 651 4054 finitum
665 4000 764 4055 autem
780 4009 842 4054 non
856 4009 893 4054 ex
907 3991 1061 4074 etaperiore
1081 3982 1222 4056 ἔπλευσε
1242 3991 1424 4056 subaudien-

255 4087 338 4164 dum,
354 4089 407 4154 aed
425 4091 641 4157 restituendum
656 4113 692 4157 ea
707 4093 837 4176 epitheto
854 4083 1011 4179 ie‘epoeaoe,
1032 4112 1094 4160 non
1114 4095 1214 4178 inepto
1235 4095 1356 4178 quidem
1371 4094 1423 4158 eod

255 4201 334 4255 certe
348 4211 573 4274 supervacaneo,
589 4203 620 4259 et
634 4197 665 4260 in
680 4189 826 4280 ἔας-ον’νιν
840 4197 994 4263 mutando.

340 4293 373 4356 ln
387 4295 551 4376 anapaestis
562 4297 632 4362 huie
646 4296 770 4362 stasimo
784 4299 949 4367 euliunotn
964 4320 990 4366 ν.
1007 4299 1079 4377 803,
1095 4300 1122 4366 ai
1136 4299 1272 4365 oodicum
1292 4299 1422 4382 seriptu-

255 4409 319 4484 tam
329 4395 492 4478 equinae,
502 4399 705 4482 Agamemnon
717 4419 735 4464 a
746 4400 838 4466 choro
849 4403 1029 4488 vituperatue
1041 4402 1114 4470 olim
1125 4423 1189 4468 enee
1201 4402 1307 4469 dicitur
1318 4409 1422 4485 utpote

456 4495 588 4586 θςᾶσος
608 4494 787 4590 lealcort
805 4495 946 4592 eliopeto
969 4501 1155 4594 θνήσκοισι
1177 4499 1331 4588 κομίζων.
