3186 4958
795 476 949 574 jos-

288 668 415 732 tionem:
437 663 465 729 id
481 664 528 729 ille
542 683 645 730 aarum
660 685 726 730 esse
741 673 843 748 negat,
865 673 896 728 et
910 665 946 728 de
960 666 1052 730 saeris
1067 667 1165 750 potius
1180 669 1350 738 domesticis
1364 681 1453 758 atquo

286 771 400 834 areanis
422 769 610 851 cogitandum
634 790 698 833 asso
718 770 835 844 statuit,
855 787 931 852 quaa
955 769 1010 834 soli
1025 771 1101 834 ciues
1116 772 1202 837 atriu
1220 775 1249 836 in
1264 794 1316 838 sua
1329 779 1454 863 quisquo

286 875 376 938 domu
392 872 524 938 luserint.
552 874 632 938 llano
646 873 725 938 onim
742 873 1012 957 interpretationem
1029 894 1118 940 unam
1131 879 1282 942 contextui
1294 879 1452 946 verborum

286 977 317 1040 in
332 977 441 1042 Cratini
464 977 596 1042 versibus
619 987 718 1060 aptam
738 996 818 1042 esse:
838 977 879 1041 illi
893 977 976 1042 alteri
990 997 1052 1043 nou
1068 980 1158 1044 modo
1175 981 1253 1046 huno
1268 991 1452 1063 corstoxtum,

284 1081 336 1145 sed
362 1081 451 1144 etiam
478 1099 567 1145 usum
593 1082 733 1164 loquendi
759 1083 956 1162 adserunt).
996 1083 1086 1165 Atqui
1113 1085 1150 1148 do
1170 1093 1311 1149 contestu
1332 1087 1452 1170 quidem

285 1193 407 1268 apparet
427 1202 517 1267 quam
538 1183 684 1248 lubricum
704 1185 742 1248 sit
758 1185 896 1249 iudicium
913 1186 943 1248 in
960 1187 1131 1250 huiusmodi
1147 1189 1328 1270 fragmento,
1350 1191 1400 1254 ulti
1416 1193 1452 1256 de

284 1288 408 1350 oonsilio
434 1288 583 1368 loquentis
608 1295 639 1350 et
665 1305 755 1369 quam
782 1289 821 1352 ob
847 1307 967 1352 eausam
989 1291 1118 1372 quidque
1139 1291 1253 1354 dicatur
1272 1293 1344 1356 nilril
1366 1296 1451 1374 plane

284 1398 471 1470 compertum
492 1389 660 1452 lralreamus.
696 1389 866 1453 l‘etersenio
886 1391 1006 1472 quidem
1027 1391 1067 1464 is,
1088 1393 1172 1456 ouius
1192 1393 1239 1455 illa
1261 1395 1348 1458 serlra
1369 1405 1449 1468 stunt,

285 1491 342 1553 latro
362 1509 456 1554 unum
476 1491 569 1570 egisse
591 1490 720 1566 uidetur,
740 1501 774 1554 ut
795 1491 888 1554 ciram
909 1513 941 1556 se
963 1513 1030 1555 esse
1051 1493 1283 1567 demonstraret,
1304 1495 1339 1558 ad
1361 1515 1449 1576 quam

283 1609 347 1654 rom
363 1593 434 1654 nilail
450 1591 628 1666 interfuisse,
648 1601 750 1656 utrum
766 1595 874 1657 trilsuta
890 1604 1047 1677 ceteraque
1062 1596 1162 1658 munia
1178 1596 1271 1658 civilia
1287 1607 1451 1677 praestaret

284 1713 321 1759 an
342 1713 419 1772 non3
440 1693 610 1758 interfuisse
630 1705 729 1759 autem
749 1715 942 1780 magnopere,
963 1707 1064 1760 utrum
1087 1717 1240 1762 sacrorum
1262 1717 1449 1776 areanorum,

284 1819 358 1884 qaino
373 1799 451 1862 risos
465 1797 521 1860 soli
535 1797 675 1872 colerent,
691 1798 837 1881 particeps
852 1819 889 1864 an
904 1820 1010 1883 expers
1025 1809 1111 1864 esset.
1141 1801 1203 1882 Ego
1218 1811 1321 1864 contra
1337 1803 1446 1866 nullam

283 1923 402 1966 marsana
418 1921 481 1964 esso
497 1901 594 1976 rideo,
614 1919 668 1966 our
682 1919 743 1965 non
758 1903 815 1966 lroe
830 1903 930 1985 potius
945 1904 1100 1967 eonsilium
1117 1903 1265 1984 loquentis
1280 1905 1372 1968 luisse
1387 1915 1449 1970 sta-

282 2015 412 2079 tuamus,
428 2023 489 2067 non
505 2005 595 2068 modo
611 2015 644 2067 ut
658 2005 826 2068 restitutum
841 2025 874 2068 se
889 2025 955 2068 esse
971 2005 1000 2067 in
1016 2005 1174 2080 ciuitatem,
1192 2005 1243 2067 sod
1259 2017 1292 2068 ut
1307 2009 1448 2088 praestari

235 2171 237 2174 ,
284 2109 371 2171 etiam
388 2128 404 2171 a
420 2127 452 2170 se
467 2107 642 2182 allarmaret,
667 2127 742 2189 quae
765 2107 876 2172 ciuibus
891 2107 1065 2188 praestanda
1081 2117 1181 2170 essent
1194 2109 1379 2172 conterendis
1395 2109 1447 2172 tri·

285 2211 505 2292 sententiisque
526 2209 700 2274 muneribus
720 2210 873 2273 obeundis.
903 2209 989 2284 Quod
1010 2219 1109 2273 autern
1131 2209 1201 2273 huic
1215 2209 1449 2292 interpretationi

285 2313 442 2376 verborum
467 2307 509 2376 τὰ
531 2307 606 2396 τέλη
627 2309 713 2376 τολοῖ
735 2311 923 2376 l'etersenius
943 2312 1151 2376 otiam'usum
1173 2311 1311 2392 loquendi
1332 2313 1449 2376 obstare

284 2425 434 2492 autumat,
460 2415 518 2480 ltoo
542 2415 597 2478 riri
621 2413 782 2480 doctissimi
808 2415 948 2478 iudicium
970 2413 1105 2495 redargui
1125 2413 1209 2478 laoilo
1228 2423 1335 2496 potest.
1374 2415 1449 2480 Nolo

284 2537 365 2584 nuno
383 2519 529 2584 eiusmodi
550 2519 714 2583 locutiones
729 2535 974 2592 commemorare,
990 2517 1091 2600 quales
1105 2525 1175 2580 sunt
1191 2507 1363 2596 ζτογέσιον,
1382 2518 1449 2603 dp·

284 2617 377 2687 raeda
397 2617 511 2698 τελεῖν,
533 2621 564 2686 in
579 2621 687 2704 quibus
701 2613 794 2696 τέλος
814 2619 1052 2684 sutraudiendum
1067 2637 1132 2682 asse
1147 2628 1269 2700 apparet
1279 2622 1323 2697 ⁹),
1343 2615 1449 2683 autad

284 2719 365 2788 doro
386 2718 482 2800 τέλος
503 2719 608 2786 τελεῖν
628 2723 659 2787 in
682 2723 890 2787 Demosthenis
912 2721 1046 2786 oratione
1066 2729 1169 2784 eontra
1188 2719 1386 2783 Timocratem
1399 2723 1448 2800 ¹⁰)

283 2827 320 2890 da
334 2827 380 2902 iis,
396 2826 447 2910 qui
462 2825 594 2892 eiusdem
610 2825 710 2890 elassis
725 2833 797 2890 sunt
811 2825 935 2908 eiusque
950 2825 1051 2888 munia
1063 2832 1226 2906 pmestant:
1243 2840 1311 2886 nam
1324 2840 1448 2906 respon·

285 2929 347 2992 deri
372 2929 498 2992 lortasse
520 2928 613 3012 possit
632 2927 711 2992 aliud
732 2947 796 2992 esse
816 2923 856 2990 τὸ
875 2923 970 3003 τέλος
987 2927 1125 3008 singulari
1145 2944 1287 3000 numero,
1307 2925 1386 2988 aliud
1405 2921 1448 2988 sd

234 3033 236 3036 ’
283 3027 360 3116 τέλη
376 3049 501 3096 numero
516 3029 631 3114 plurali.
661 3029 764 3113 Neque
779 3031 847 3094 talia
862 3031 998 3104 alierum,
1019 3029 1105 3112 quala
1120 3024 1229 3114 estrei
1250 3021 1326 3112 τέλη
1348 3047 1449 3091 κατα·

282 3125 418 3196 τιθέναι
443 3131 520 3214 apud
541 3131 827 3215 antiphontsmss),
849 3127 891 3196 τὰ
913 3123 974 3196 ἴσα
994 3127 1072 3214 τέλη
1096 3123 1230 3192 διδόναι
1253 3129 1331 3211 eptud
1354 3129 1448 3211 Hesp·-

283 3233 383 3297 citium
395 3235 459 3312 ¹¹),
480 3233 595 3317 aliaque
617 3234 738 3308 similia,
759 3233 788 3296 iu
810 3234 918 3316 quibus
933 3251 1027 3316 quum
1043 3231 1079 3295 de
1094 3231 1304 3314 significatione
1318 3231 1449 3294 nominis

283 3335 409 3400 dubitari
432 3345 576 3419 nequeat,
596 3335 773 3399 dubitauerit
793 3345 893 3400 tannen
914 3336 1039 3400 lortasso
1054 3331 1171 3417 aliquis,
1187 3351 1259 3396 num
1274 3351 1330 3416 pro
1346 3353 1448 3396 κοτα-

282 3431 416 3503 radians
436 3448 487 3502 aut
502 3433 636 3502 διδόναι
658 3439 746 3502 etiam
760 3434 864 3502 τελεῖν
878 3433 920 3500 τὰ
934 3431 1008 3523 τέλη
1026 3436 1132 3502 eodem
1147 3455 1237 3500 sensu
1252 3437 1310 3500 diei
1325 3437 1447 3502 licuerit.

284 3542 342 3606 Sed
368 3541 438 3625 quid
466 3541 574 3626 opponi
598 3541 769 3606 huiusmodi
788 3541 932 3625 exemplis
951 3541 1074 3624 poterit,
1101 3538 1187 3623 quale
1210 3547 1256 3602 est
1278 3539 1310 3602 in
1330 3540 1448 3604 decreto

281 3643 499 3722 Plraeenslum,
519 3645 607 3728 corp.
628 3645 719 3710 lusu.
741 3661 791 3709 no.
818 3644 873 3708 llll
898 3663 926 3709 a.
947 3644 999 3720 25,
1018 3643 1070 3708 nli
1085 3641 1286 3708 Callidamati
1301 3642 1449 3706 cuidams

264 3913 267 3920 ’
350 3905 375 3968 8)
393 3903 453 3958 Cloe.
470 3903 606 3972 reema,
621 3905 668 3958 det·
684 3903 924 3973 ttsusgonosttean
943 3905 990 3959 dat·
1005 3903 1075 3958 altas
1093 3901 1221 3957 liriealrea
1236 3897 1344 3970 (cnut.
1363 3902 1447 3971 1851).

281 4005 305 4058 μ
320 3989 554 4142 Πέῖιῦῗλλοττλλ.
567 4077 662 4130 Oaros.
675 4077 744 4144 publ.
759 4076 781 4130 l.
794 4093 817 4146 p.
830 4077 890 4131 dat.

352 4163 394 4228 tn)
406 4161 434 4216 l’.
447 4163 496 4216 ild
516 4163 541 4232 η.
556 4163 617 4216 llla
637 4155 703 4216 odat
724 4157 803 4230 dieo
816 4156 974 4230 Ἀθηναίων
995 4149 1108 4226 ediles,
1125 4155 1156 4222 te
1172 4153 1210 4216 έν
1224 4155 1362 4232 τ’γγυητολτ
1376 4161 1449 4234 τρεῖς

267 4245 403 4321 ’καθιστῇ
425 4243 457 4302 τὸ
473 4243 542 4302 edrai
559 4247 637 4308 τέλος
653 4247 808 4310 τελοῦντος.
832 4247 897 4305 linat
913 4249 963 4305 lea
981 4249 1006 4304 la
1024 4249 1081 4304 lars
1096 4246 1201 4302 iuranda
1216 4253 1372 4302 nummu.
1396 4245 1447 4300 ald.

282 4331 308 4402 ι
323 4333 395 4486 14λλ)
412 4421 449 4476 tto
459 4423 537 4478 ossele
548 4423 641 4476 tteeot.
653 4439 678 4494 p.
691 4421 741 4476 'lll
753 4421 779 4492 fl.
792 4423 833 4478 77.
949 4409 951 4414 ’
1035 4431 1041 4444 ·

355 4507 397 4574 ta)
415 4508 442 4561 St
454 4523 479 4562 v.
491 4509 633 4571 leoralaa’s.
