3186 4958
340 1238 398 1331 DF.
429 1237 613 1334 ctttttt
646 1237 846 1336 tuttotts
876 1237 1159 1336 ttttnttto

173 1501 221 1584 iix
243 1521 391 1606 deperdita
412 1523 521 1588 Cratini
542 1525 666 1588 iunioris
686 1525 839 1590 comoedia
860 1524 986 1590 Chirone
1005 1523 1042 1588 ab
1061 1523 1213 1589 Athenaeo
1235 1523 1285 1597 iil,
1306 1523 1341 1589 3.

174 1643 203 1706 p.
221 1623 283 1688 1110
300 1623 330 1688 hi
346 1645 448 1690 versuo
463 1629 642 1692 atteruntur:

780 1727 959 1818 πολλοστῷ
982 1722 1081 1793 ti‘i'rct

358 1824 396 1894 ἐκ
418 1829 483 1896 τῶν
504 1826 675 1912 πολεμίων
696 1824 803 1896 οἴκαδ’
827 1827 923 1918 ἥκων,
946 1829 1106 1914 ξυγγενεῖς

358 1931 415 1998 καὶ
437 1929 603 2020 φράτερας
624 1931 680 1998 κιιὶ
703 1927 848 2018 δημότας
870 1927 975 2013 εὖηολν
994 1929 1106 2013 μόλις,

360 2027 408 2114 εἷς
429 2034 468 2101 ati
491 2033 654 2100 κυλικεῖον
676 2031 866 2121 ἐνεγράφην.
910 2033 995 2111 Ζευς
1018 2028 1091 2100 ι”στι
1112 2055 1173 2118 μοι

360 2133 496 2221 ἑρκεῖος,
518 2133 591 2205 ἔστι
613 2132 788 2224 φράτριος·
813 2135 853 2202 cci
878 2134 952 2224 τέλη
976 2135 1059 2202 reici
1082 2175 1124 2186 --

173 2261 249 2324 quoa
263 2252 385 2326 apparot
400 2243 529 2308 hominis
544 2263 608 2306 osso
623 2263 659 2306 ex
674 2243 770 2324 aliqua
786 2243 916 2306 hostiurn
933 2253 1010 2306 terra
1025 2251 1093 2326 post
1107 2243 1277 2306 diuturnam
1288 2240 1342 2304 ab·

172 2346 298 2409 sentiam
319 2347 349 2409 itt
369 2347 494 2430 patriam
510 2347 640 2410 athanas
655 2345 763 2408 retorsi
778 2353 867 2429 attpte
883 2346 913 2409 in
929 2347 1075 2410 ciuitatem
1093 2364 1153 2409 non
1169 2346 1232 2408 siue
1246 2346 1340 2425 aliqua

173 2448 344 2512 difficultate
359 2451 500 2514 restituti.
532 2449 607 2513 Nom
623 2447 704 2530 quoti
721 2447 766 2510 rix
782 2469 797 2512 a
813 2469 845 2512 ce
860 2449 997 2532 gentiles,
1021 2449 1189 2530 pinoteres,
1205 2448 1340 2509 deruptae

173 2550 308 2616 intentor
323 2573 389 2616 eoae
404 2553 458 2626 ait.
480 2571 565 2636 aegro
585 2551 640 2614 eibi
656 2551 816 2632 contigisse
831 2552 988 2634 significat,
1010 2563 1074 2614 uta
1089 2552 1150 2614 suis
1164 2569 1338 2632 agnoscere·

173 2662 236 2717 tur:
262 2655 373 2719 sciiioot
398 2675 491 2738 quum
519 2654 661 2739 puerulus
686 2655 813 2718 fortasse
836 2655 934 2735 atiquo
956 2672 1059 2718 canuc
1083 2654 1175 2739 patria
1194 2653 1339 2717 abductus

173 2757 343 2838 tnuitoatpuc
362 2775 456 2822 annot
476 2758 553 2820 iuter
572 2758 675 2820 trustes
696 2756 833 2820 detentus
855 2767 943 2819 esset.
975 2757 1033 2820 Scri
1055 2757 1188 2838 quatruvio
1204 2757 1339 2819 uniuersa

173 2857 230 2921 ioci
245 2860 391 2922 sententia
405 2859 477 2923 eatis
492 2859 578 2941 priano
593 2858 641 2933 sit,
658 2877 719 2922 non
734 2859 827 2940 liquet
841 2868 952 2932 tamon,
973 2859 1042 2940 quid
1057 2860 1093 2922 tie
1108 2851 1263 2940 κυλικείῳ
1278 2863 1340 2920 cta·
1381 2921 1383 2926 ,

173 2961 316 3023 tuentium
333 2962 381 3034 ait,
397 2962 444 3026 etti
458 2981 490 3024 ae
505 2962 551 3024 iiio
563 2959 743 3041 adscriptum
759 2962 985 3034 castrationem,
1007 2979 1102 3041 nequa
1118 2971 1338 3044 postremorum

173 3062 329 3126 corborum
356 3059 398 3127 τὰ
418 3056 495 3148 τέλη
517 3059 603 3126 otiosi
625 3061 770 3125 contentia
791 3072 874 3126 extra
895 3063 1123 3126 controversiam
1139 3071 1196 3126 est.
1226 3063 1339 3143 Operae
1391 3079 1393 3082 ·

171 3164 300 3245 pretium
321 3165 408 3248 igitur
422 3165 526 3236 tuerit,
547 3183 623 3246 quae
638 3163 724 3227 nobie
739 3173 791 3226 aut
806 3183 871 3228 cera
886 3175 936 3227 aut
953 3164 1111 3248 probabitis
1126 3165 1283 3244 utriusque
1297 3162 1339 3226 rei

171 3265 373 3348 interpretatio
394 3287 458 3330 ecoe
479 3267 625 3340 vitientur,
653 3265 750 3351 pauiio
773 3267 937 3330 accuratius
956 3285 1113 3348 exponere.
1148 3269 1190 3330 tte
1210 3267 1338 3348 primunt

171 3367 291 3448 quidem
308 3370 344 3432 de
358 3361 531 3452 κυλικείῳε
547 3388 608 3450 quo
624 3368 766 3432 vocabulo
782 3368 901 3455 proprie
917 3367 989 3430 nitri!
1004 3368 1082 3431 atiud
1095 3366 1151 3430 nisi
1164 3369 1339 3450 poculorum

170 3471 390 3551 repositorium.
406 3466 466 3554 τήν
487 3465 552 3534 τῶν
574 3463 744 3554 ιτιιτηριίον
758 3464 967 3554 σκευοθήκην
980 3469 1137 3551 significari
1153 3479 1268 3533 uertunt
1282 3478 1338 3532 est.

171 3569 272 3650 Neque
292 3571 379 3636 aliana
400 3572 464 3636 eiua
479 3571 724 3652 significationem
739 3573 908 3636 Athenaeus
923 3581 1154 3646 comnrerrtorat.
1174 3573 1229 3636 ceti
1245 3572 1339 3635 tribua

170 3691 206 3736 ox
222 3673 419 3756 Aristophane
438 3685 469 3738 et
483 3673 599 3738 nouato
614 3673 686 3737 iocis
700 3673 811 3747 citatio,
833 3675 864 3737 in
879 3673 986 3754 quibua¹
1003 3675 1075 3737 iraee
1089 3674 1152 3756 ipsa
1168 3673 1338 3755 planissime

169 3785 331 3858 comparet,
346 3777 446 3858 atatim
462 3777 543 3842 iruna
557 3786 696 3860 quartum
712 3797 728 3840 e
744 3776 863 3840 Cratino
877 3775 1038 3859 subiungit,
1054 3777 1132 3840 auita
1147 3776 1275 3862 amplius
1286 3794 1339 3840 en·

169 3877 326 3962 plicatione
341 3879 448 3956 addita,
468 3879 536 3945 iicet
549 3881 700 3968 propriam
716 3879 849 3944 vocabuli
862 3879 1107 3968 significationem
1122 3879 1153 3942 iu
1167 3879 1339 3962 congnosci

168 3999 229 4046 non
245 4002 332 4068 potae
348 3983 537 4048 manifestum
553 3983 600 4048 sic
630 3983 732 4070 Neque
747 3983 775 4048 iti
792 3983 867 4067 iugit
882 3983 1079 4060 Eustachium
1095 3983 1147 4067 tpti
1161 3983 1198 4048 ati
1214 3983 1248 4048 it.
1261 3982 1338 4048 xxt.

170 4084 242 4152 316.
262 4107 292 4173 p.
312 4086 403 4161 tttt,
420 4085 461 4150 ³2
486 4085 557 4152 ittet
572 4088 672 4172 ipsum
688 4079 737 4166 εἰς
757 4083 797 4152 τὸ
819 4083 980 4152 κυλικεῖον
1001 4079 1183 4174 ἐντγριίηην
1203 4105 1339 4154 oontrnc·

169 4207 299 4263 morano,
316 4190 541 4276 aparpoaiunt
555 4190 710 4272 ctgnttteart
722 4191 850 4256 coniicit.
873 4190 949 4257 Nam
960 4191 1162 4257 coniecturam
1174 4191 1251 4258 hanc
1261 4207 1356 4270 aare.

67 4355 69 4361 .
118 4369 121 4378 y
168 4311 230 4358 non
245 4301 357 4357 certant
373 4299 402 4358 et
417 4313 453 4358 ex
467 4293 530 4378 ipaa
545 4293 657 4360 Cratini
671 4295 769 4360 inbuta
784 4295 903 4360 tinctam
919 4293 1192 4382 interpretationem
1206 4305 1339 4388 apparetv

168 4396 278 4484 quippo
303 4415 397 4482 quotu
425 4397 462 4462 tia
482 4397 530 4464 ttu
550 4397 647 4464 iabuh
667 4415 728 4464 non
748 4399 816 4484 pluo
835 4397 990 4466 Euotatirio
1011 4419 1101 4485 quant
1122 4399 1210 4465 nobie
1231 4411 1340 4467 notun
