3182 4962
784 527 933 626 22⁴..

272 720 302 784 ld
317 719 396 802 quod
417 719 505 782 etiam
521 715 703 782 Schmidtius
724 715 794 779 mibi
816 716 968 790 concedit,
992 721 1075 779 tento
1092 715 1192 780 miuus
1207 735 1255 779 me
1270 715 1370 780 lellere
1386 737 1442 800 po·

273 822 345 898 tuit,
365 841 454 905 quern
473 823 620 886 diversum
642 821 671 884 id
687 819 777 884 luerit
791 819 827 882 ab
842 839 893 893 oo,
910 838 971 901 qno
985 837 1040 882 nos
1055 819 1182 891 utimur,
1204 838 1329 900 eamque
1345 820 1442 884 direr-

272 927 389 992 sitntem
406 928 532 990 maxime
547 927 577 990 iu
593 946 629 988 eo
644 929 796 996 constare,
818 923 914 1004 quod,
930 941 1023 1004 quum
1043 921 1076 985 in
1089 922 1136 986 illa
1151 922 1250 986 omnis
1265 943 1312 986 res
1327 923 1442 1004 publica

273 1031 429 1117 plebiscitis
444 1040 611 1113 regeretur,
632 1027 709 1110 apud
726 1045 780 1090 nos
796 1027 923 1090 mixtum
938 1045 1031 1110 genus
1047 1025 1163 1108 imperii
1177 1027 1373 1091 constitutum
1385 1037 1442 1103 est,

273 1135 304 1198 in
319 1154 378 1217 quo
392 1143 423 1198 et
438 1135 547 1218 populo
563 1143 592 1196 et
606 1132 798 1217 optimatibus
819 1141 848 1193 et
868 1131 929 1212 regi
949 1149 1019 1192 suae
1041 1130 1147 1212 cuique
1167 1139 1264 1214 pprtes
1280 1129 1442 1214 descriptae

272 1257 307 1302 ac
322 1238 456 1301 delinitae
469 1247 549 1300 sunt.
580 1235 631 1298 Sic
649 1235 737 1316 igitur
759 1235 848 1296 etism
870 1234 907 1296 do
922 1233 1046 1315 pecunie
1063 1233 1194 1315 publica,
1211 1234 1239 1295 b.
1256 1254 1281 1296 e.
1298 1233 1333 1296 de
1350 1235 1442 1298 recti.

274 1339 400 1421 galibns,
420 1341 537 1403 tributis
551 1337 716 1418 ceterisque
731 1337 874 1398 militibus
889 1335 985 1418 deque
1008 1334 1151 1416 impensis
1166 1335 1196 1398 in
1212 1335 1288 1398 banc
1302 1335 1347 1398 uel
1363 1335 1440 1400 illam

274 1452 388 1527 partem
404 1443 446 1506 rei
461 1441 592 1528 publicae
607 1440 749 1504 iaciendis
769 1439 888 1504 decerni
906 1457 966 1503 non
986 1448 1086 1522 potest
1105 1439 1161 1502 nisi
1176 1441 1328 1504 communi
1350 1441 1441 1504 trium

273 1547 389 1609 illorum
405 1546 528 1610 consilio
542 1555 572 1608 et
587 1563 747 1616 consensu,
764 1562 917 1626 perumque
933 1543 1090 1628 populares
1107 1541 1156 1606 isti
1169 1543 1225 1606 sibi
1236 1543 1308 1607 solis
1324 1543 1380 1608 buc
1395 1545 1441 1608 ius

274 1648 420 1713 vindicant
434 1649 683 1732 optimatiumque
698 1657 835 1710 senatum
852 1667 885 1710 ac
901 1647 976 1728 regis
992 1646 1148 1710 consilium
1169 1645 1224 1708 sibi
1242 1647 1363 1727 suisque
1379 1647 1441 1728 ple·

272 1753 338 1816 citis
353 1753 471 1816 obedire
487 1753 652 1834 postulant,
676 1751 746 1834 quid
762 1750 839 1813 aliud
862 1768 951 1832 epnam
968 1769 1088 1812 onmem
1104 1749 1147 1813 rei
1167 1749 1299 1832 publicae
1314 1750 1441 1819 admini-

273 1856 454 1930 strationem,
469 1857 554 1920 cuius
570 1855 649 1918 nulla
666 1874 733 1936 pars
749 1855 813 1916 sino
829 1856 951 1938 pecunia
967 1863 1103 1916 constsre
1119 1863 1231 1935 potest,
1246 1854 1282 1916 ad
1297 1873 1365 1917 sese
1381 1863 1443 1916 tro-

127 1951 135 1958 ’
272 1959 348 2022 bunt
363 1959 618 2041 gubernaculaque
633 1958 688 2020 sibi
705 1967 731 2018 et
749 1957 857 2038 quibus
873 1957 926 2038 ipsi
944 1959 1044 2020 volunt
1059 1955 1089 2018 b.
1104 1977 1131 2020 o.
1148 1957 1284 2020 lectionis
1300 1977 1372 2020 suae
1389 1959 1444 2020 bo·

273 2063 402 2126 minibus
410 2063 539 2144 permitti
548 2058 698 2142 poscunt?
716 2061 776 2123 lluc
787 2079 880 2140 genus
891 2059 1083 2142 gubernandi,
1092 2061 1343 2140 quemadmodum
1352 2062 1444 2124 tltlro·

270 2165 421 2246 niensium
438 2165 481 2228 rei
497 2165 629 2250 publicae
644 2163 844 2246 pemiciosum
860 2163 930 2237 luit,
953 2163 997 2227 sic
1016 2173 1270 2246 eorumquoque
1289 2167 1331 2228 rei
1347 2165 1444 2247 publi·

274 2285 326 2330 cao
340 2265 540 2350 perniciosum
556 2267 658 2346 utiquo
672 2267 808 2328 luturum
826 2285 891 2327 esse
907 2281 966 2328 non
979 2265 1175 2330 Schmidtium
1190 2269 1280 2349 neugis
1292 2288 1382 2350 quum
1396 2289 1443 2332 me

272 2379 325 2433 sut
346 2369 480 2450 quemvis
501 2367 690 2432 mediocriter
707 2367 871 2448 sspieulem
893 2367 993 2449 lugere
1014 2387 1103 2451 posse
1130 2371 1230 2434 credo
1273 2371 1442 2450 optandum

273 2471 391 2554 quidem
407 2473 465 2536 boc
479 2471 606 2534 maxims
620 2470 707 2534 nobis
721 2489 787 2534 esse
803 2469 1001 2551 intelligimus,
1017 2477 1051 2534 ut
1064 2473 1217 2536 communi
1237 2492 1355 2556 semper
1369 2493 1442 2537 con·

272 2573 337 2636 silio
352 2581 440 2656 otrpue
455 2573 614 2636 concordia
629 2574 706 2636 iuter
721 2573 886 2656 populares,
903 2573 1067 2653 optimates,
1083 2593 1181 2655 regem
1198 2593 1291 2656 quum
1308 2575 1442 2638 univorsa

272 2693 319 2740 res
335 2675 460 2758 publica,
476 2684 540 2740 tum
557 2694 605 2740 res
620 2673 787 2756 pecuniario
804 2683 963 2748 tractetur3
983 2675 1011 2738 id
1033 2685 1134 2738 autum
1155 2677 1180 2739 si
1201 2677 1371 2759 contingere
1388 2697 1441 2740 ue·

60 2791 65 2802 '
149 2837 152 2841 .
272 2787 362 2860 queat
376 2787 498 2862 propter
512 2777 699 2860 popularium
715 2777 923 2856 arrogantiam,
939 2777 989 2856 qui
1004 2797 1038 2840 se
1051 2779 1130 2841 solos
1145 2779 1308 2860 gubernare
1327 2781 1441 2860 sibique

273 2891 387 2943 ceteros
402 2897 503 2964 parere
519 2883 630 2952 volunt,
646 2879 805 2942 uidendum
821 2878 875 2940 erit
892 2878 952 2957 regi
966 2879 1090 2960 eiusque
1106 2881 1295 2950 consiliariis,
1316 2882 1441 2962 nequid

271 2981 396 3046 istontm
411 2983 575 3045 temeritate
590 3001 638 3044 res
654 2981 768 3062 publice
785 2979 957 3041 detrimenti
971 2981 1076 3061 capiat.
1102 2982 1163 3044 iles
1176 2984 1255 3044 enim
1268 2983 1442 3045 meminisse

272 3083 370 3160 debet,
385 3101 446 3148 nou
460 3105 497 3147 eo
512 3083 569 3148 sibi
580 3102 704 3166 regnum
721 3081 809 3146 uduo
826 3081 929 3144 datum
944 3101 1019 3156 esse,
1036 3085 1160 3164 utquod
1172 3103 1290 3165 quoque
1306 3095 1442 3168 temporo

272 3187 381 3272 populo
395 3195 512 3270 gratum
528 3198 742 3270 acceptumque
758 3185 797 3248 sit
811 3195 962 3266 sequetur,
978 3185 1030 3247 sed
1046 3187 1127 3268 quod
1142 3187 1270 3249 solutore
1285 3187 1326 3249 roi
1343 3189 1441 3268 publi·

272 3307 323 3352 cas
344 3302 374 3353 et
396 3291 593 3354 necessarium
609 3311 677 3354 esso
693 3287 880 3359 intellexerit,
903 3287 1019 3350 lortitor
1039 3295 1268 3370 constanterque
1288 3297 1386 3352 teneat
1406 3309 1441 3352 ac

272 3392 418 3468 defendat,
434 3401 531 3476 neque
546 3392 604 3457 ulla
620 3392 719 3454 minus
734 3391 813 3471 regia
829 3409 883 3452 rus
899 3390 998 3453 audita
1014 3395 1074 3464 est,
1090 3409 1179 3473 quam
1201 3392 1264 3455 eius
1280 3393 1330 3474 qui
1346 3409 1438 3474 quum

272 3495 441 3578 latimretur
459 3497 620 3560 concitetre
643 3494 840 3559 multitudinis
861 3493 1005 3568 clamore,
1026 3495 1167 3558 desistere
1189 3495 1225 3558 ab
1246 3497 1367 3577 optiuds
1388 3496 1440 3559 sed

270 3597 391 3681 ingratis
406 3599 516 3683 populo
531 3599 660 3680 consiliis
675 3617 736 3662 non
751 3597 904 3672 dubitavit,
918 3595 1029 3660 scilicet
1043 3596 1123 3680 qnod
1145 3597 1225 3680 pacis
1247 3617 1280 3660 se
1300 3617 1369 3662 cum
1385 3618 1441 3683 po·

271 3702 347 3784 pulo
359 3721 415 3766 suo
430 3704 569 3785 cupidum
585 3723 650 3767 esse
666 3703 787 3768 diceret.
813 3701 910 3766 lmmo
925 3701 1028 3764 solutis
1043 3697 1175 3787 publicae
1186 3701 1286 3784 potius
1297 3703 1440 3785 cupidum

270 3822 337 3868 esso
350 3823 450 3888 regem
466 3815 598 3890 oportet:
621 3805 692 3870 illud
713 3823 806 3887 genus
820 3814 921 3869 sutem
941 3805 1021 3887 pacis
1040 3825 1109 3871 cum
1130 3807 1240 3890 populo
1261 3825 1441 3892 magnopere

271 3909 430 3972 serendum
446 3921 500 3984 est,
516 3919 550 3972 ut
563 3911 683 3973 llrmum
699 3928 734 3973 ac
746 3909 850 3974 stabile
866 3925 1039 3994 permanere
1054 3909 1159 3991 possit.
1188 3909 1261 3972 Nem
1274 3909 1368 3974 semel
1381 3910 1442 3974 rio·

271 4009 328 4075 trin
342 4011 444 4096 populi
457 4011 602 4093 cupiditas
618 4013 696 4076 bend
712 4012 797 4075 lecile
812 4011 952 4093 quiescat,
969 4011 1026 4074 nisi
1042 4013 1209 4094 perfecerit,
1225 4033 1286 4095 quo
1302 4013 1441 4078 ductores

271 4113 334 4178 eius
348 4115 549 4190 contendunt,
569 4125 603 4181 ut
621 4137 657 4180 ex
679 4132 770 4198 regno
793 4113 869 4178 bene
884 4119 1049 4198 temperato
1069 4115 1280 4180 democratiam
1302 4115 1440 4194 obicient,

271 4235 331 4299 qno
350 4219 428 4282 malo
449 4219 563 4284 nullum
583 4219 698 4302 gravius
718 4217 908 4306 reipublicae
927 4219 1059 4286 scoidere
1080 4237 1168 4304 pomo
1188 4241 1241 4304 ego
1260 4219 1382 4304 quidem
1404 4239 1439 4284 es

272 4319 392 4387 historie
407 4341 456 4388 ms
471 4324 606 4389 didicisse
620 4323 757 4388 arbitror.

313 4425 315 4428 ’
357 4426 451 4491 Scrib.
467 4425 714 4510 Grppbisrraldise
729 4443 823 4489 mens.
840 4426 954 4492 lauuer.
970 4428 1204 4496 buccellini.

651 4593 779 4605 -suon
