3186 4958
741 582 860 680 „..².i.⁴..‚

231 779 436 856 procuratores
449 769 519 834 iscti
532 775 613 846 sunt,
627 769 814 856 intelligatur.
840 771 930 856 Atqui
943 789 1004 835 nen
1019 779 1099 836 recte
1109 771 1168 835 boo
1177 771 1256 835 sumi
1268 771 1392 848 siletur,

180 877 184 884 '
231 882 436 960 procuratores
454 893 471 936 e
490 873 679 938 nobilissimis
700 885 816 940 tantum
837 885 868 940 et
888 874 1149 959 praestantissimis
1175 875 1285 939 eleetos
1313 891 1393 940 esser

231 977 413 1060 eligebantur
431 977 600 1060 quicunque
621 979 848 1064 inoperateribus
877 979 1024 1063 placerent
1043 987 1073 1042 et
1094 977 1191 1044 ielenei
1215 977 1393 1053 siderentur,

231 1081 313 1143 nullo
333 1080 470 1142 claritatis
495 1091 547 1144 aut
567 1081 727 1146 nobilitatis
747 1095 899 1167 respectu,
927 1093 958 1146 et
977 1099 1191 1164 nonnunquam
1219 1098 1256 1143 ne
1276 1081 1395 1162 ingenui

232 1183 362 1264 quidem,
392 1182 443 1244 seu
472 1183 600 1246 libertini
620 1187 730 1248 ordinis
751 1187 896 1250 homines.
937 1186 1018 1248 llano
1043 1185 1082 1248 ob
1112 1202 1232 1248 causam
1258 1183 1394 1246 assentiri

231 1283 342 1347 lirilsie
362 1301 423 1346 non
446 1284 537 1366 magis
557 1305 645 1366 quam
665 1287 770 1350 ceteris
792 1289 1001 1370 interpretibus
1022 1305 1198 1368 possumus,
1216 1284 1394 1368 quibuscum

231 1385 289 1450 leuc
304 1385 331 1450 ei
352 1405 511 1450 comesione
532 1397 586 1460 est,
611 1388 691 1470 quoel
712 1391 799 1453 rerba
820 1391 867 1454 illa
888 1409 977 1472 equae
999 1387 1188 1471 equestris
1214 1386 1395 1450 nobilitas

230 1499 287 1552 eat
301 1489 337 1552 ael
353 1507 442 1552 unam
458 1491 653 1572 procuratorii
674 1491 806 1556 tanneris
826 1493 996 1566 notionem,
1017 1509 1092 1574 equae
1114 1491 1145 1554 in
1167 1498 1395 1574 procurato·

232 1611 311 1658 suen
333 1591 473 1656 vocabulo
495 1595 680 1676 intelligitur,
701 1596 820 1670 seniensi,
841 1613 1021 1678 quamquam
1042 1593 1157 1658 ‹liverso
1178 1611 1279 1666 sensu,
1295 1591 1395 1656 soluit.

231 1697 268 1760 itt
287 1717 375 1782 posse
397 1697 455 1760 isere
474 1697 537 1762 lieri
557 1697 708 1762 latentium
729 1707 775 1763 est
787 1701 832 1778 ¹),
850 1699 957 1762 stertere
980 1699 1041 1764 lieri
1058 1717 1209 1781 crepemus.
1239 1697 1396 1779 Aliquanto

231 1799 413 1884 probabilius
427 1801 530 1864 reterri
545 1800 593 1864 illa
609 1803 695 1867 teriia
711 1823 771 1868 non
786 1805 822 1868 aei
838 1823 932 1868 unum
950 1803 1140 1876 uocabulum,
1156 1803 1208 1866 secl
1224 1801 1259 1866 ael
1275 1817 1395 1862 ornnem

231 1905 416 1986 superiorem
436 1905 672 1970 annuntiationem
693 1907 867 1982 iudicamus,
888 1915 922 1972 ut
936 1906 1083 1990 equestris
1098 1905 1234 1969 nobilitas
1248 1903 1398 1986 Agricolae

231 2005 324 2070 luisse
339 2007 453 2071 dicatur
466 2017 634 2092 prepterea,
650 2012 729 2092 quaed
744 2031 831 2076 autern
847 2016 1008 2092 ulrttauque
1029 2016 1249 2092 procuratorem
1267 2005 1399 2069 (iusseris

232 2107 376 2172 babuerit
402 2109 476 2172 b'am
491 2111 610 2192 propria
625 2112 785 2176 nobilitatis
800 2113 973 2194 signitleatie
990 2111 1066 2192 apuli
1079 2111 1231 2172 lloananos
1242 2110 1315 2170 llaec
1326 2115 1398 2180 erat,

233 2219 268 2273 nt
282 2211 429 2274 (liceretur
443 2211 480 2274 elo
495 2212 542 2280 iis.
562 2213 612 2292 qui
627 2223 765 2294 parentes
780 2225 831 2277 niet
846 2215 973 2276 maiores
988 2211 1130 2274 baberent
1143 2209 1294 2272 curulibus
1306 2207 1399 2287 magi·

234 2312 374 2376 stratibus
389 2312 515 2376 iunctos.
547 2313 582 2375 lli
603 2315 681 2377 enirn
702 2316 815 2378 nobiles
836 2311 1329 2394 uocabantur,opponebanturque
1345 2308 1401 2371 beo

235 2415 356 2478 nentina
372 2415 541 2478 hominibus
556 2415 650 2491 noris,
668 2416 685 2480 i.
701 2437 728 2479 e.
745 2417 789 2491 iis,
806 2417 856 2501 qui
872 2417 959 2500 prinei
975 2436 1009 2478 ca
1022 2415 1129 2478 faenilia
1142 2431 1195 2476 sua
1206 2413 1324 2476 curules
1336 2429 1400 2474 nra·

234 2517 373 2600 qistratus
389 2525 534 2600 reperent.
565 2519 736 2583 tinerouenr
751 2540 778 2583 e.
795 2541 830 2594 e.‚
846 2521 912 2583 licet
926 2537 1046 2582 sueiemo
1063 2517 1235 2598 neapistratu
1251 2521 1400 2588 ornatum,

235 2639 296 2686 non
320 2630 417 2684 tamenn
434 2629 588 2704 propterea
607 2623 736 2686 nobilem
758 2622 851 2687 luisse
872 2631 1002 2696 eueniat,
1029 2619 1137 2704 quippe
1159 2635 1252 2702 quum
1273 2615 1401 2680 rnaiores

236 2725 300 2789 eius
316 2724 402 2788 nullis
417 2724 459 2788 rei
475 2725 606 2807 publicae
622 2725 785 2790 bonoribus
799 2725 893 2792 iuncti
908 2729 1022 2800 essem
1045 2722 1192 2808 Sulpicius
1212 2729 1330 2793 eontra,
1352 2719 1401 2802 qui

236 2829 300 2894 eius
316 2829 346 2892 in
367 2829 521 2893 consulatu
541 2831 720 2914 competitor
739 2831 810 2907 luit,
830 2832 981 2914 antiquane
1003 2827 1186 2892 aeoleilitatem
1201 2825 1310 2890 bebere
1325 2824 1401 2888 ‹lici-
1497 2837 1499 2842 '

237 2936 342 3011 teet),
362 2931 445 2997 cuius
460 2951 495 2996 es
511 2933 663 2997 annalibus
679 2936 822 3000 neomenia
837 2935 966 2999 eruenda
981 2934 1029 3008 sit,
1045 2931 1155 2995 seilicet
1171 2937 1292 3016 propter
1307 2927 1402 3012 eregi-

236 3042 348 3100 stratns
363 3035 432 3100 elim
456 3035 492 3098 ab
507 3034 570 3100 eius
585 3037 744 3102 maioribus
759 3047 869 3122 pestes.
893 3037 937 3102 nu
953 3038 1010 3100 loeo
1024 3035 1191 3118 exemplum
1209 3035 1297 3118 igitur
1312 3035 1401 3098 etiem

236 3139 293 3204 sub
307 3137 544 3223 imperatoribus,
560 3158 652 3220 quum
668 3152 877 3225 procuratores
893 3139 1111 3224 provinciarum
1127 3159 1162 3202 ex
1177 3136 1325 3220 equitibus
1340 3135 1403 3200 fieri

237 3245 375 3318 solerent,
390 3259 451 3304 non
466 3241 522 3304 illis
538 3241 618 3324 ipsis.
633 3243 683 3324 qui
699 3244 787 3327 primi
802 3263 836 3306 es
853 3243 962 3306 lessellis
977 3261 1031 3306 sua
1045 3241 1081 3304 ael
1103 3239 1130 3302 iel
1147 3258 1256 3304 nonnus
1272 3239 1403 3324 premoti

238 3353 348 3424 amnt,
363 3343 413 3410 sed
430 3345 494 3409 liliis
509 3355 598 3428 atque
613 3347 772 3426 nepotibus
787 3363 891 3409 eorum
909 3345 1094 3409 nobilitatem
1116 3342 1263 3424 quandam
1284 3349 1402 3405 enatam

239 3469 305 3513 esse
320 3450 468 3524 dicemus,
489 3459 519 3512 et
539 3449 616 3512 banc
635 3448 726 3511 luisse
746 3449 895 3531 Agricolae
916 3456 1085 3529 equestrem
1105 3444 1304 3518 nobilitatem,
1324 3443 1403 3524 quod

239 3552 368 3616 luorum
383 3559 609 3636 procuratorum
625 3569 718 3636 nepos
734 3559 823 3614 esset.
852 3550 999 3613 intellexit
1014 3566 1078 3612 rem
1093 3547 1181 3611 etiam
1199 3545 1334 3609 ll'osius:
1351 3543 1404 3607 sed

239 3652 266 3716 is
280 3653 356 3716 banc
375 3651 469 3733 ipsam
492 3651 532 3716 ob
552 3671 671 3716 causam
693 3651 779 3714 verba
800 3651 848 3715 illa
868 3653 898 3716 in
920 3651 1121 3737 suspicionem
1137 3647 1250 3712 vomuit
1265 3657 1406 3729 tanquam

240 3753 394 3838 abaliquo
414 3753 621 3839 interpolatore
644 3755 763 3818 inserta.
794 3755 892 3830 ,Quin
915 3754 1077 3818 attinebat“
1099 3751 1196 3834 inquit
1218 3760 1408 3832 „equestrem

240 3857 319 3922 illam
335 3857 518 3922 nobilitatem
538 3857 687 3940 Agricolae
709 3857 870 3944 ¹sinebrano,
894 3855 978 3920 cuius
1000 3863 1115 3942 patrem
1137 3850 1278 3916 senatorii
1298 3849 1409 3913 ordinis

240 3959 333 4025 inissa
348 3980 381 4024 es
397 3959 540 4046 proximis
553 3959 647 4024 Taciti
662 3959 758 4023 uerbis
780 3954 1035 4042 cognoscimus“l
1065 3955 1183 4034 Scilicet
1203 3953 1344 4017 senatorii
1359 3971 1409 4016 er·

241 4061 316 4126 dinis
330 4061 486 4144 splendore
500 4071 670 4144 equestrem
685 4061 772 4126 istam
789 4061 972 4126 nobilitatem
987 4058 1109 4124 lilerius
1129 4058 1202 4121 adeo
1223 4055 1409 4121 obscuratam

242 4172 272 4226 et
285 4162 445 4228 extinctam
460 4183 526 4228 esse
541 4163 644 4238 eredit,
660 4175 746 4228 utne
761 4161 1023 4228 commemoranda
1045 4159 1167 4244 quidem
1186 4158 1291 4224 Tacito
1311 4158 1409 4222 iuerit.

242 4263 275 4332 ld
289 4265 376 4330 nobis
389 4283 450 4330 nen
464 4266 536 4332 satis
551 4266 736 4332 considerate
752 4267 914 4332 iudicatum
925 4265 1049 4330 ridetur.
1074 4261 1218 4328 Ordinem
1229 4259 1411 4326 senatorium

244 4377 445 4396 -ne-

314 4435 339 4500 il
357 4433 395 4490 ci.
412 4451 436 4490 s.
448 4453 470 4491 c
484 4439 541 4494 nte.
553 4437 644 4502 xxx,
656 4439 681 4506 i,
693 4441 721 4493 br
742 4439 862 4494 Sesstsrs
882 4437 968 4508 itaqua
990 4435 1110 4504 suffetes,
1130 4436 1196 4507 qussi
1213 4433 1347 4488 sassslsrs
1364 4431 1413 4486 in·

242 4519 344 4588 perles·
355 4521 420 4590 spui
432 4535 476 4574 ses
488 4531 554 4592 erat,
568 4531 734 4578 rocaverunt.

315 4605 341 4674 2)
359 4603 412 4661 cie.
424 4625 463 4678 pr.
475 4607 541 4664 Nur.
553 4625 577 4662 e.
589 4609 614 4678 l,
628 4609 671 4662 tt.
