3186 4968
650 448 801 548 ....l⁷..„.

139 639 357 722 significandam
373 639 486 704 ictuum
502 641 699 713 crebritrtem
715 655 773 722 qua
795 657 872 702 unus
891 639 970 704 ensis
991 640 1073 722 musi
1094 638 1306 721 multiplicum

139 741 227 806 videri
243 753 360 828 posaetr
375 763 480 808 vereor
493 751 593 807 tamen
610 760 798 827 magnopere,
813 759 868 806 nec
881 742 954 806 bum
968 742 1044 806 mtto
1064 740 1198 824 argutior
1216 761 1306 822 quum

139 845 235 909 verior
258 847 382 912 dicenda
408 848 456 910 eit.
488 847 597 910 Nostro
619 856 700 910 certe
722 845 787 910 loco
802 863 868 907 erm
882 843 1014 908 adhiberi
1029 863 1089 908 nou
1105 865 1193 928 posse
1209 844 1305 907 mani·

136 947 245 1011 tratum
261 959 316 1024 est,
332 967 425 1032 quum
442 947 472 1012 in
487 947 613 1030 imrgino
634 947 776 1012 crebritas
795 947 908 1010 ictuum
930 947 1091 1012 monstrari
1109 947 1192 1010 nullo
1215 947 1305 1010 modo

137 1051 275 1130 potuerit
294 1085 335 1098 -
347 1053 477 1114 numum
493 1068 606 1124 ensem,
622 1049 653 1113 in
667 1049 806 1114 humenis
820 1049 941 1132 proeliis
955 1049 1101 1124 inutilem,
1116 1065 1196 1112 nuuc
1205 1047 1304 1112 divino

137 1151 220 1215 berei
235 1151 379 1216 tributum
396 1169 457 1216 non
472 1153 565 1235 magis
581 1151 770 1226 mirabimur,
792 1170 881 1234 quem
903 1171 1026 1218 aureum
1047 1151 1124 1216 ios-is
1144 1151 1304 1223 bidentem.

137 1254 279 1336 Apollinis
294 1255 443 1320 ettlinuse
457 1273 560 1319 arcum
580 1265 610 1318 et
631 1258 767 1338 sagittas,
790 1256 920 1340 aliasque
940 1276 988 1320 ros
1008 1257 1133 1320 deorum
1155 1254 1304 1338 plurimes.
1375 1241 1379 1248 ’

49 1377 54 1386 ·
136 1373 210 1438 quoa
225 1374 286 1420 non
302 1357 451 1422 inauratas
466 1367 517 1423 aut
531 1369 649 1422 ornatus
662 1367 778 1422 tantum
790 1375 863 1421 euro
879 1359 1000 1440 cogitari
1016 1360 1137 1432 ineest,
1158 1358 1210 1420 sed
1227 1363 1304 1419 tutes

136 1477 171 1522 ea
186 1477 259 1522 auro
270 1459 372 1532 tectos,
386 1459 485 1524 divino
500 1461 550 1524 illo
566 1460 686 1543 quidem
697 1469 729 1524 et
743 1459 780 1523 ab
791 1461 858 1534 boo,
874 1480 933 1542 quo
949 1479 1005 1524 nos
1026 1459 1166 1524 mortales
1181 1459 1304 1532 utimur,

136 1577 197 1623 nou
215 1561 315 1626 minus
330 1581 421 1645 quam
437 1563 518 1646 ipsos
533 1562 606 1625 deos
621 1563 806 1626 immortates
821 1563 859 1627 ub
870 1563 1043 1627 bominibus
1057 1563 1183 1626 diverso.
1211 1561 1306 1644 tlerpe

135 1673 234 1727 nuum
249 1665 332 1738 (nom
348 1673 474 1728 utuntur
489 1666 547 1729 boc
570 1666 691 1728 nomine
701 1667 791 1730 etlam
805 1665 885 1729 latini
897 1671 1015 1749 ‚metuet
1030 1683 1088 1748 qua
1099 1666 1195 1729 torma
1206 1663 1306 1742 tuerit,

136 1766 306 1850 planissime
320 1769 408 1834 dooet
423 1769 548 1832 Achilles
562 1767 665 1832 ‘letius
680 1768 730 1842 tn,
742 1769 772 1844 7,
788 1769 838 1833 ubi
850 1769 977 1832 Perseus
991 1767 1166 1832 describitur
1179 1767 1305 1832 tettoam

132 1871 292 1946 men'nam.
308 1873 356 1938 cui
372 1871 558 1936 Andromeda
573 1872 704 1956 exposita
717 1860 822 1948 lueret,
838 1872 1035 1938 obtruncans:
1057 1865 1226 1934 ὥπλισται
1248 1865 1308 1956 rrJv

137 1969 251 2052 δεξιὰν
273 1970 389 2060 dumosi
408 1969 537 2060 σιδήρῳ
559 1964 608 2050 εἷς
622 1967 788 2054 dediturus·
801 1969 858 2038 aui
879 1969 977 2060 ξίφος
991 1967 1188 2061 logronium·
1210 1963 1308 2055 ἔρχι-

136 2095 194 2142 rar
215 2071 277 2160 μὲν
299 2073 362 2162 γὰρ
385 2068 403 2164 ἦ
426 2070 524 2166 ammo
547 2069 700 2142 ιιαίιιιθιι
721 2067 848 2164 domnis
875 2069 911 2141 da
932 2077 1029 2162 μιᾶς,
1056 2070 1115 2142 aui
1139 2071 1231 2142 dorse
1256 2058 1309 2165 ἔφ’

139 2173 249 2266 ἡμίσει
273 2177 332 2248 roi
355 2175 496 2270 σιδιξριιιι
512 2175 630 2267 ξίφος.
653 2172 806 2246 laetitiae
821 2173 859 2246 dd
880 2171 1071 2268 ἀπορραγὲν
1088 2176 1124 2244 ed
1144 2173 1206 2263 uie
1234 2173 1307 2262 ὀξύ-

137 2305 238 2362 νεται,
260 2282 299 2352 rb
322 2282 359 2354 ds*
382 2279 648 2368 ἐιτιιιάμιιιιιιιι·
671 2278 729 2352 arui
750 2279 789 2348 cri
810 2281 871 2370 ula
893 2277 1133 2368 ιιίιωξιομέιοι
1145 2279 1236 2367 μένει
1259 2279 1310 2366 ξί-

137 2409 203 2478 φος
224 2382 270 2469 ὥς
286 2382 414 2478 ἤρξατο,
438 2387 477 2455 rb
500 2386 538 2456 dd
560 2383 794 2474 καμπτόμενον
817 2383 981 2472 δρέπανον
1003 2384 1146 2477 γίνεται,
1168 2386 1224 2453 ἱίιι
1248 2391 1311 2478 μιᾷ
1416 2405 1418 2408 ·

138 2489 248 2582 πληγῇ
271 2493 310 2559 τὸ
331 2491 392 2577 μὲν
413 2487 522 2582 dorida
545 2491 603 2582 τήν
624 2489 765 2580 σφαγήν,
787 2489 827 2558 eri
849 2490 886 2558 ds*
907 2491 1009 2582 κρατῇ
1031 2490 1092 2580 τήν
1106 2487 1218 2580 τομήν.
1242 2495 1312 2560 Eret

138 2598 226 2680 igitur
241 2599 331 2683 berrue
345 2599 426 2663 ensis
445 2599 583 2671 latratus,
599 2599 628 2662 tr.
650 2619 678 2662 e.
699 2597 787 2662 bitur
809 2597 916 2663 lumina
937 2599 1116 2671 instructus,
1138 2599 1245 2682 uarum
1266 2601 1311 2663 di·

137 2711 227 2776 recte‚
244 2703 351 2786 partim
367 2703 396 2767 in
412 2703 494 2768 tricis
510 2701 633 2766 modum
649 2701 784 2778 incurva,
800 2703 880 2766 unde
896 2720 956 2765 non
973 2701 1081 2766 mirum
1104 2701 1134 2764 in
1155 2703 1312 2785 theogonia

136 2808 306 2890 promiscue
323 2799 435 2891 ἅρπρι·
448 2816 480 2870 et
495 2799 661 2890 δρέπανον
676 2805 742 2880 dici,
758 2823 785 2868 ι.
806 2805 875 2868 tut.
899 2805 968 2868 ttn.
991 2803 1066 2881 t'lltr
1087 2824 1234 2890 usumque
1250 2807 1313 2872 cius

137 2910 230 2992 magis
244 2911 322 2994 apud
339 2911 480 2976 burlsrms
496 2929 586 2993 qrrem
602 2909 679 2993 apud
692 2911 820 2974 Graecos
835 2907 1058 2992 frequentatum
1074 2909 1166 2974 tuisse
1181 2921 1313 2976 constat:

137 3031 205 3076 urm
221 3014 299 3096 apud
317 3015 371 3077 bos
385 3013 430 3078 vix
447 3023 631 3078 memoratur
646 3021 853 3097 pmeterqurm
870 3011 899 3076 in
915 3011 1021 3075 tabulis
1043 3013 1079 3074 de
1095 3013 1224 3078 Saturno
1239 3015 1312 3078 Cae·

137 3115 199 3180 lum
215 3125 329 3199 petrem
346 3127 509 3192 castrantes,
524 3117 562 3180 de
583 3117 651 3182 tore
671 3117 847 3200 Typhoeum
869 3115 1090 3193 debellaret),
1111 3117 1149 3180 de
1170 3115 1312 3181 Mercurio

135 3219 246 3302 «trgum
262 3219 459 3296 interimente,
475 3221 512 3285 de
527 3221 637 3287 Perseo
652 3219 804 3284 lleduaam
818 3219 1004 3304 belluamque
1017 3221 1172 3294 murinam,
1187 3221 1234 3285 cui
1250 3225 1310 3286 bu·

135 3323 277 3388 dromeda
293 3323 426 3409 exposita
441 3325 551 3402 luerat,
574 3323 777 3400 interimenti,
794 3324 922 3410 denique
937 3324 974 3388 de
987 3325 1110 3390 llorcute
1127 3325 1157 3390 in
1174 3325 1312 3391 boccum

136 3426 227 3510 bydrr
243 3429 420 3497 certamine.
437 3447 512 3513 quus
527 3447 576 3495 res
597 3430 780 3495 documento
800 3449 866 3494 esse
886 3439 1000 3514 potest,
1021 3450 1083 3514 quo
1102 3441 1238 3514 empore
1258 3431 1314 3494 bue

134 3529 250 3594 tabidae
265 3541 461 3596 nascerentur
475 3549 535 3596 non
549 3531 765 3616 tetreque-ntem
781 3533 889 3615 berner·
904 3551 992 3598 usum
1006 3537 1084 3620 apud
1097 3536 1226 3600 Graecos
1238 3535 1312 3599 tuia-

135 3653 168 3696 se
182 3633 280 3697 adbuc
293 3633 421 3698 torttsae
437 3633 467 3697 iu
479 3635 545 3698 baia
562 3633 727 3699 habitantes
742 3636 870 3698 necdum
892 3635 922 3699 in
939 3637 1090 3702 umectam
1111 3649 1311 3721 transgressos

134 3744 166 3798 et
180 3756 197 3800 a
211 3737 344 3820 cogitatis
359 3737 474 3801 baianis
487 3737 639 3801 discretos.
669 3737 743 3802 lium
759 3737 838 3802 haud
854 3739 990 3823 exiguam
1012 3740 1150 3804 tabularis
1172 3741 1313 3806 historiae

135 3849 251 3923 partem
266 3838 396 3923 origines
412 3837 520 3904 babere
536 3839 592 3904 buc
606 3840 787 3905 Graecorum
803 3841 834 3906 iu
849 3839 998 3927 Europam
1011 3845 1185 3928 migratione
1197 3845 1313 3929 priorss

135 3942 285 4006 neminem
312 3944 413 4026 lugere
438 3951 553 4028 rmtest:
584 3961 639 4008 nec
659 3941 834 4010 mirabimur
854 3957 1008 4030 propterea
1029 3956 1091 4012 tarn
1115 3950 1207 4014 multe
1226 3949 1257 4014 in
1278 3949 1314 4014 iis

134 4045 304 4112 communia
320 4047 439 4112 Graecis
450 4067 520 4112 crum
536 4049 653 4134 populls
669 4049 783 4114 Asianis
795 4069 872 4124 ense,
887 4055 964 4134 quer
975 4051 1075 4116 omnia
1086 4051 1138 4135 qui
1147 4053 1314 4136 poeteriure

133 4150 255 4214 demum
270 4159 365 4214 aetuts
380 4171 416 4216 ea
432 4151 546 4216 oriente
563 4151 591 4216 iu
607 4153 761 4218 Graeciam
777 4153 918 4218 translato
939 4165 1055 4238 neunt,
1070 4155 1171 4221 minua
1184 4157 1313 4224 circam

134 4262 235 4338 specte
250 4252 379 4318 indicere
392 4253 540 4318 ridentur.
571 4257 631 4320 Sed
645 4255 684 4319 de
699 4255 744 4320 bie
758 4257 909 4341 disputare
922 4277 985 4324 uon
999 4269 1045 4324 est
1065 4259 1156 4326 buius
1176 4261 1249 4326 lori:
1270 4263 1309 4326 de

203 4488 229 4550 ⁸)
248 4489 321 4556 Aret
331 4487 499 4556 Appettotar.
513 4489 534 4558 l,
544 4495 605 4558 us,
618 4491 643 4544 l.
