3186 4968
660 419 811 524 ...l-¹3..

154 611 296 696 pentioris
316 609 540 696 compositionis
560 609 667 676 indicia
687 613 840 688 obmute,
859 608 1003 676 amabunt
1022 607 1159 694 spniaesi.
1181 607 1326 694 quamvis

153 733 229 792 rara,
244 715 474 800 haudquaquam
489 723 588 780 tomen
603 715 744 782 inaudita.

239 819 378 884 Proxima
393 821 519 884 Creusae
534 819 632 893 verba,
648 838 674 883 r.
689 817 763 892 298,

355 919 456 1010 τιμᾷς
478 917 577 1010 τιμᾷς
597 913 644 998 ὥς
664 911 789 1008 μήποτ’
810 911 941 1006 ὤφελον
960 911 993 982 n’
1016 910 1109 998 idaio,

153 1043 283 1108 quarum
298 1025 497 1108 corruptelam
512 1033 544 1090 et
559 1035 688 1088 metutam
710 1034 741 1089 et
760 1023 907 1087 sumentia
921 1023 1025 1104 arguit.
1040 1023 1175 1088 certatim
1189 1022 1325 1089 editores

153 1129 358 1193 emendarunt.
391 1129 428 1193 Et
438 1127 475 1194 ds
489 1119 547 1214 σφ’
561 1119 646 1192 ἰδεῖν
656 1129 775 1211 quidem
791 1145 844 1212 pro
858 1117 887 1192 α’
903 1116 987 1189 idaia
999 1127 1171 1210 reponendo
1192 1127 1327 1192 dubitari

153 1233 272 1316 aequin
288 1233 318 1297 in
334 1233 477 1316 principio
492 1243 591 1296 autem
610 1233 682 1296 mibi
692 1231 762 1296 nibil
779 1229 958 1315 probabilius
974 1229 1100 1304 ridetur.
1117 1249 1207 1314 quam
1222 1233 1328 1320 τιμᾷς

154 1327 190 1400 τί
210 1331 293 1422 μήνς
314 1337 394 1421 quud
409 1335 566 1402 blattbiaco
577 1355 698 1420 quoque
715 1337 857 1420 placuisse
869 1334 963 1399 virleu.
982 1335 1057 1399 Cum
1069 1336 1172 1401 aoerlu
1185 1335 1327 1420 indigna·
1461 1325 1470 1342 ⁶

155 1439 236 1504 tinne
248 1441 356 1504 Creusa
368 1443 466 1505 locum
479 1441 573 1514 illum,
584 1451 707 1525 propter
717 1439 839 1504 iniuriae
848 1431 1104 1504 suac'memoriarn
1117 1439 1173 1506 sibi
1181 1459 1326 1520 mosum,

154 1543 192 1606 ab
214 1543 350 1626 Apolline
365 1545 442 1630 diligi
463 1545 595 1618 audiens.
617 1543 815 1626 diligitne?
832 1544 939 1628 inquit,
960 1553 997 1608 at
1011 1543 1145 1626 quidni
1164 1541 1327 1626 diligati

154 1647 265 1712 scilieet
285 1657 408 1733 propter
431 1650 575 1732 expletam
602 1647 640 1714 ibi
669 1649 739 1712 olim
765 1648 994 1732 voluptatum).
1011 1647 1101 1712 -ln
1125 1647 1326 1732 sequentibus

154 1759 254 1816 autom
270 1751 350 1816 lunia
365 1751 462 1816 vestm

356 1845 391 1918 ci
413 1847 452 1919 di
472 1853 600 1937 στυγεῖς
620 1849 662 1918 σύ
684 1853 744 1920 soi·
765 1849 849 1919 θεοῦ
870 1847 912 1917 sti
934 1849 1096 1940 φίλταται

155 1973 215 2020 non
231 1956 358 2022 multum
375 1957 496 2040 quidem
510 1957 612 2032 relect,
627 1964 729 2022 utrum
746 1957 983 2041 interrogationis
997 1957 1082 2040 signo
1095 1955 1186 2020 etiam
1204 1967 1277 2040 post
1290 1950 1328 2022 si

155 2052 193 2121 δέ
205 2059 302 2140 posito
318 2060 420 2125 ionem
437 2059 537 2125 mirari
552 2070 667 2126 tantum
682 2061 960 2127 ladamusl'neusae
973 2061 1085 2136 odium,
1100 2078 1139 2124 an
1150 2061 1328 2127 continuata

154 2161 312 2226 uerborum
338 2163 414 2228 serie
441 2163 477 2228 de
503 2183 591 2228 causa
617 2165 706 2229 buius
731 2165 791 2229 odii
810 2173 1011 2247 quaerentem.
1064 2163 1197 2228 Praestat
1209 2171 1327 2244 tamen,

154 2264 270 2348 opinor,
285 2265 344 2330 boc
357 2266 484 2332 alterum
499 2277 622 2352 propter
635 2267 712 2332 illius
726 2269 967 2352 responsionem:

355 2361 462 2436 nidis·
484 2363 615 2449 gs‘vced’
637 2363 807 2454 ἄντροισιν
828 2363 983 2455 misgirpa
1005 2363 1088 2435 τινά.

154 2471 229 2535 Nam
245 2465 342 2537 οὐδέν
356 2493 448 2556 quum
464 2473 544 2548 dicit,
558 2475 630 2538 satis
644 2475 772 2539 declarat
787 2475 865 2538 nolle
879 2495 910 2538 se
927 2475 987 2538 odii
1001 2475 1048 2538 sui
1063 2492 1180 2537 causam
1192 2475 1326 2558 aperire:

154 2577 224 2638 satis
246 2597 313 2638 essu
334 2577 415 2659 quod
434 2577 544 2660 aliquid
565 2577 757 2661 turpitudinis
777 2577 818 2641 illi
839 2579 905 2641 loco
921 2579 1072 2642 inhaerere
1087 2577 1171 2641 sciat.
1216 2577 1254 2640 Et
1269 2579 1327 2642 lon

154 2679 231 2742 banc
246 2679 309 2742 eius
325 2689 456 2744 eruentem
473 2688 553 2744 reete
567 2681 732 2764 percipiens
746 2699 807 2745 non
822 2679 912 2744 instat
925 2681 1105 2764 quaerendo.
1121 2679 1175 2744 scd
1190 2681 1226 2744 ad
1247 2699 1325 2744 con·

154 2781 265 2862 inpium
288 2785 416 2848 Creusae
441 2802 611 2848 sermonum
633 2785 770 2850 dellectit.
829 2785 877 2848 llla
899 2785 1038 2848 maritum
1065 2802 1154 2848 snum
1184 2783 1323 2848 Xuthum

153 2885 233 2950 lleoli
249 2886 353 2961 lilium.
369 2887 445 2952 loris
459 2897 599 2972 nepotem
614 2907 678 2953 csse
692 2887 867 2972 respondet:
883 2907 973 2972 quem
988 2888 1107 2970 quidem
1123 2889 1327 2971 pereutgauor

154 2988 261 3062 fabula,
275 2991 360 3054 cuius
374 2991 612 3074 antiquissimum
627 2999 779 3056 auctorem
795 2991 938 3056 babemus
954 2993 1115 3056 llesiodum
1130 2991 1175 3055 vel
1185 2992 1326 3076 quisquis

154 3089 212 3153 l'uit
226 3093 432 3176 Cataloporum
451 3095 650 3177 componitur,
669 3095 751 3158 Aeoli
770 3113 832 3160 non
847 3097 938 3159 lilium
954 3095 1007 3158 sed
1023 3095 1160 3168 tratrem,
1180 3107 1325 3177 nepotem

155 3209 218 3256 nnn
237 3195 314 3260 luris
332 3197 384 3261 aed
401 3197 530 3261 llellenis
550 3217 618 3260 asse
638 3197 824 3280 perhibebat:
851 3215 978 3280 eamque
997 3195 1126 3260 tabulam
1147 3196 1239 3261 etiarn
1260 3199 1327 3282 ipso

156 3293 309 3378 Euripides
325 3299 355 3361 in
372 3301 461 3364 bonlo
475 3307 596 3363 secutus
609 3305 664 3363 est.
696 3299 783 3364 b'unc
796 3308 896 3364 autem
913 3317 967 3362 cur
981 3318 1046 3362 earn
1061 3301 1206 3380 spreverit
1219 3301 1328 3365 aliam·

155 3413 214 3476 que
228 3409 279 3462 aut
293 3401 433 3482 adoptare
446 3407 498 3464 aut
512 3402 575 3482 ipsa
590 3401 715 3464 fortasse
729 3401 839 3481 tingere
853 3403 1002 3474 maluerit,
1018 3402 1086 3466 linet
1099 3420 1155 3484 pro
1170 3411 1254 3466 certo
1268 3403 1328 3468 diei

156 3509 293 3580 nequent,
319 3503 398 3566 baud
425 3502 612 3584 improbabili
633 3504 737 3566 saltem
757 3503 873 3567 ratione
897 3503 970 3566 mint
989 3503 1150 3587 explicasse
1170 3505 1275 3569 videor
1294 3507 1328 3569 in

155 3601 250 3664 sobol.
265 3603 300 3666 ad
317 3603 433 3684 Prolop.
449 3623 477 3666 r.
494 3603 545 3666 63.
560 3636 605 3649 -
618 3602 741 3666 bliratur
763 3603 817 3666 lon
837 3605 888 3684 qui
907 3604 1020 3668 lactum
1038 3605 1093 3676 sit.
1113 3613 1149 3668 ut
1165 3607 1245 3688 regis
1266 3607 1326 3670 lilia

156 3703 311 3786 peregrino
326 3705 356 3768 in
372 3705 596 3770 matrimonium
612 3703 741 3778 daretur,
756 3705 868 3769 scilicet
882 3707 951 3788 quia
965 3707 1030 3770 iure
1044 3707 1227 3772 Graecorum
1248 3708 1326 3790 legi-

157 3804 262 3868 timum
278 3807 355 3872 inter
369 3807 447 3870 cives
461 3813 577 3871 tantum
593 3807 774 3870 connubium
789 3825 857 3870 essa
876 3807 991 3871 solebat
1009 3809 1135 3872 exclusis
1149 3810 1324 3892 peregrinis,

156 3915 280 3987 excepto
293 3907 319 3971 si
334 3907 452 3988 qnando
466 3917 517 3972 aut
531 3907 602 3972 totis
616 3908 782 3974 civitatibus
797 3927 851 3991 por
861 3909 1045 3992 pactionem,
1068 3919 1120 3973 aut
1134 3909 1255 3992 privatis
1271 3929 1327 3996 par

156 4005 339 4088 priuilegium
354 4001 520 4090 ἐπιγαμία
533 4027 673 4074 concessa
686 4017 776 4073 esset.
803 4009 887 4073 llonc
900 4009 988 4092 igitur
1000 4009 1062 4073 sira
1075 4011 1326 4076 cousuetudinem

156 4106 217 4172 sira
232 4109 326 4192 legem
341 4115 429 4193 poeta
451 4127 531 4176 nunc
550 4110 639 4175 stiam
659 4111 795 4178 baroicac
815 4111 904 4177 aetati
922 4111 1039 4184 tribuit,
1058 4129 1117 4194 qna
1135 4122 1230 4179 aetate
1250 4115 1326 4181 nilnil

157 4277 360 4296 m

225 4363 251 4430 d)
270 4362 354 4418 uua·
369 4364 395 4418 la
411 4363 504 4419 auen
520 4365 609 4434 Αςιι.
625 4379 652 4420 a.
671 4365 703 4420 li
718 4368 749 4420 at
761 4361 821 4438 μήν
837 4381 884 4433 prs
900 4361 1170 4436 dpivablisrnaaas
1181 4373 1325 4443 munita!

157 4445 233 4516 leupo
243 4457 389 4505 autom
399 4449 556 4506 maborno
566 4459 700 4520 praestare
710 4467 811 4506 esaum.

200 4530 248 4594 tv.
1101 4540 1121 4604 8
