3166 4962
750 467 900 572 ..ee

243 648 391 742 ίμρατός
412 649 500 732 ἔστι,
525 657 555 720 lr.
571 677 598 720 e.
626 652 686 720 ded
712 653 848 735 τρίτων,
882 649 969 739 ὅπερ
998 645 1080 720 odat
1109 648 1149 720 od
1169 652 1409 744 παρεμφαίνει,

243 777 399 842 personam
419 759 482 824 scil.
502 768 534 822 et
551 777 721 824 numerum.
758 762 832 824 ltem
849 761 899 836 lll,
916 761 956 822 20
973 781 1001 844 p.
1018 759 1091 830 uto.
1118 760 1153 824 8:
1180 751 1258 826 odat
1280 757 1341 846 γὰρ
1364 759 1409 828 δι’

243 854 342 945 αίτῇς
364 857 433 945 (τῆς
455 853 699 946 α’παρεμραίταυ
721 859 910 947 ἐγκλίσεως)
931 883 965 925 τι
981 857 1242 947 καταφάσκεται.
1272 864 1355 929 lianc
1369 865 1407 929 ob

242 983 360 1028 causam
387 965 437 1047 qui
459 967 580 1029 acerbo
606 967 782 1032 inlinitisum
801 968 1004 1048 setungobam,
1031 966 1086 1028 bos
1112 983 1234 1030 necesse
1253 973 1326 1041 erat,
1352 967 1410 1031 nisi

242 1068 395 1152 proprium
412 1069 520 1144 locum,
543 1079 578 1134 ut
592 1071 774 1152 grammatici
791 1071 953 1156 participio,
974 1069 1017 1132 sie
1031 1069 1089 1152 ipsi
1104 1068 1247 1132 infinitivo
1262 1069 1410 1152 assignare

243 1164 274 1234 in
294 1172 425 1254 partibus
445 1173 586 1237 orationis
605 1174 777 1254 vellentill,
799 1183 851 1238 aut
865 1173 1036 1237 nominibus
1051 1192 1118 1234 eum
1135 1181 1185 1235 aut
1199 1173 1345 1236 adverbiis
1359 1193 1412 1238 ae·

243 1293 373 1339 censere.
404 1275 581 1340 Nominibus
595 1287 695 1341 autem
711 1297 865 1342 accensere
881 1279 1050 1350 uoluerunt,
1066 1275 1217 1359 quianon,
1232 1276 1411 1354 utnomioa,

242 1378 437 1443 substantiam
452 1400 520 1444 cum
537 1383 675 1463 qualitate
691 1393 742 1446 aut
757 1383 952 1466 qllantitatem
964 1379 1145 1444 substantiae
1157 1379 1254 1465 specie
1267 1380 1410 1458 indutam,

244 1483 294 1546 sed
321 1483 430 1548 nudam
452 1493 568 1550 tantum
588 1487 734 1551 actionem
755 1496 806 1550 aut
826 1485 995 1572 passionem
1011 1485 1189 1566 designaret:
1217 1485 1410 1567 quamobrem

244 1607 336 1670 quum
352 1589 439 1652 etiam
456 1589 571 1653 casibus
585 1600 709 1668 careret,
724 1589 868 1655 adverbiis
882 1609 952 1654 eum
969 1589 1039 1653 item
1056 1607 1116 1651 non
1131 1587 1295 1652 casualibus
1306 1606 1412 1652 acceu-

243 1701 377 1766 suerunt,
392 1692 567 1776 quibuscum
584 1694 673 1758 etiam
689 1695 783 1760 bocci
799 1691 959 1759 eomm'une
971 1713 1036 1756 csse
1048 1691 1192 1766 ridebant,
1207 1701 1242 1756 ut
1254 1691 1411 1757 verborum

244 1795 274 1860 iu
289 1797 489 1863 enuntiatione
504 1798 745 1882 sigraillcatiouem
764 1799 848 1864 variis
868 1799 965 1864 modis
984 1797 1115 1882 expleret
1130 1805 1219 1879 atque
1234 1794 1412 1878 explanaret,

244 1919 333 1983 quam
359 1901 398 1965 ob
423 1921 542 1966 causum
570 1922 630 1967 nun
651 1905 749 1987 inepto
773 1905 878 1968 eodem
898 1924 958 1988 quo
974 1905 1021 1968 illa
1037 1902 1158 1966 nornine
1173 1891 1341 1986 ἐπίρρημα
1356 1899 1413 1964 dicl

244 2006 350 2090 proluit,
375 2007 485 2091 quippe
505 2027 565 2091 quo
586 2008 658 2072 nibil
682 2009 759 2072 aliud
775 2008 832 2072 nisi
847 2005 1017 2072 additiclum
1033 2005 1181 2088 quoddam
1198 1999 1286 2090 ῥῆμα
1300 2003 1413 2086 signill-

245 2119 338 2174 cetur.
375 2111 435 2176 Nec
453 2112 596 2176 deterruit
616 2133 668 2176 eos
688 2113 767 2196 quod
790 2131 851 2175 non
866 2111 1004 2175 onrtribus
1021 2109 1187 2194 promiscue
1203 2107 1298 2171 uerbis
1313 2106 1412 2171 bitini·

246 2214 320 2278 tivus
346 2215 413 2279 addi
440 2225 548 2300 potest,
574 2235 629 2280 nec
655 2215 734 2298 quod
760 2233 975 2298 saepenumero
1001 2233 1070 2278 curn
1095 2213 1219 2276 articulo
1245 2212 1413 2294 protertur3

246 2323 407 2402 utrumque
433 2319 513 2382 enim
540 2339 608 2382 cum
635 2319 780 2383 adverbiis
801 2337 960 2383 commune
980 2319 1078 2393 habet,
1101 2337 1176 2400 quae
1192 2316 1263 2380 item
1279 2334 1340 2377 nou
1355 2335 1416 2376 κα-

245 2417 352 2486 θόλου
368 2422 419 2486 scd
434 2419 580 2504 μερικῶς
595 2431 709 2486 tautum
733 2442 801 2486 curn
818 2423 914 2486 verbis
930 2431 981 2485 out
996 2422 1152 2485 uerborum
1169 2419 1264 2483 modis
1277 2417 1416 2500 coniungi

130 2575 132 2580 -
246 2535 381 2611 possunt,
408 2546 536 2608 quorum
556 2525 761 2608 significationi
783 2535 849 2609 apta
870 2533 950 2599 sunt,
977 2543 1074 2606 neque
1095 2523 1209 2587 articuli
1231 2522 1416 2586 consortium

245 2637 400 2714 respuunt,
415 2630 494 2692 velut
508 2649 602 2712 quum
617 2630 724 2692 dicitur
743 2624 783 2691 τὸ
805 2628 870 2698 νῦν,
893 2623 935 2689 τὰ
956 2621 1114 2707 μάλιστα,
1137 2620 1173 2690 dx
1194 2617 1359 2699 soriniaco,
1381 2617 1415 2687 ἐν

245 2731 293 2816 αρ’
315 2724 510 2814 ἔμπροσθεν
531 2753 565 2796 αα
579 2731 693 2796 similia.
707 2731 828 2794 -Non
843 2739 943 2793 autem
959 2729 1119 2792 verendum
1136 2737 1218 2812 puto,
1234 2747 1272 2791 ne
1288 2729 1355 2810 quis
1368 2747 1416 2790 me

246 2833 343 2916 ipsum
359 2836 444 2916 pitane
459 2853 527 2899 cum
543 2837 578 2899 iis
593 2837 761 2900 consentire
777 2835 957 2918 suspicatum
972 2835 1025 2898 sed
1037 2835 1195 2897 ostendere
1210 2842 1325 2896 tantum
1338 2831 1417 2896 volui

247 2935 324 3000 baud
342 2947 422 3000 certe
437 2937 594 3003 absurdam
611 2959 714 3003 eorum
730 2941 875 3004 rationem
891 2937 993 3002 luisse.

333 3039 391 3102 Sed
417 3039 506 3104 etiarn
532 3047 635 3106 nostra
661 3043 804 3107 mensoria
826 3043 870 3106 rir
894 3040 1104 3106 subtilissimus
1123 3047 1154 3104 et
1175 3039 1211 3102 de
1228 3037 1417 3121 grammatica
1457 3123 1458 3127 Ἰ

247 3142 398 3228 disciplina
425 3144 511 3228 longe
531 3145 748 3220 meritissimus,
774 3145 959 3232 Godolredus
980 3145 1177 3216 Uertumnus,
1204 3141 1417 3206 iudnitiuuma

246 3245 337 3310 uerbo
363 3247 492 3311 seiunxit
511 3255 541 3312 et
555 3249 585 3312 in
601 3250 745 3313 anserinis
766 3249 948 3322 numeravit,
974 3247 1010 3310 de
1031 3247 1148 3310 enreud.
1164 3255 1217 3309 rat.
1233 3263 1357 3328 mamni.
1373 3263 1417 3325 gr.

248 3369 277 3433 p.
298 3350 376 3414 tlt:
399 3351 605 3427 „lutlnitirus“
622 3351 719 3435 inspuit
735 3351 849 3436 „ipsam
866 3351 999 3418 continet
1013 3371 1047 3416 ac
1062 3351 1154 3414 solam
1170 3349 1251 3413 uerbi
1266 3349 1417 3412 notionem

249 3454 381 3536 nilrilque
395 3455 473 3518 aliud
489 3461 582 3529 notat,
598 3475 685 3538 quom
699 3457 795 3539 ipsum
808 3456 879 3519 illud
891 3455 994 3539 agendi
1006 3455 1193 3540 patiendique
1204 3461 1235 3516 et
1247 3462 1417 3536 tempomm

247 3557 459 3638 significatione
474 3559 651 3622 instructum
668 3561 879 3642 praedicatum,
895 3560 975 3642 quod
991 3557 1086 3641 possit
1097 3558 1269 3622 nominibus
1283 3555 1417 3638 adiungi:

248 3659 327 3723 uude
342 3661 453 3724 clarum
469 3670 516 3724 est
531 3661 707 3726 infinitivum
723 3673 828 3726 natura
843 3683 895 3727 sua
911 3665 989 3726 inter
1003 3662 1169 3745 particulas,
1185 3662 1217 3726 in
1232 3661 1327 3742 iisque
1341 3658 1419 3722 inter

248 3763 383 3827 adverbia
399 3765 617 3832 numerandum
632 3773 728 3830 esse“.
751 3768 869 3832 Scilicet
883 3765 1006 3830 verbum
1018 3767 1206 3829 llermaunus
1218 3763 1319 3826 itidem
1332 3761 1418 3824 atilli

248 3877 362 3930 veteres
377 3867 405 3931 id
428 3878 544 3933 tautum
561 3869 618 3934 diui
634 3869 735 3944 voluit,
756 3872 787 3935 iu
802 3891 863 3954 quo
878 3880 957 3935 esset
972 3871 1128 3934 manifesta
1142 3867 1265 3950 copulae
1281 3865 1332 3940 vis,
1359 3882 1418 3948 qua

247 3970 446 4052 praedicatum
461 3971 596 4037 subiecto
610 3973 828 4050 attribueretur,
843 3975 873 4038 b.
885 3995 913 4038 e.
929 3975 1051 4038 verbum
1063 3971 1191 4045 troitum,
1207 3990 1237 4053 p.
1253 3969 1327 4043 1743
1342 3985 1418 4050 quae

248 4083 347 4136 autem
373 4073 573 4156 praedicatum
596 4075 708 4158 absque
727 4078 832 4159 copula
851 4077 1048 4151 continerent,
1075 4075 1148 4140 haec
1167 4071 1267 4139 omnia
1281 4069 1418 4136 adverbia

248 4175 386 4256 appellari
401 4175 501 4252 voluit,
516 4197 545 4262 p.
559 4179 630 4253 151,
646 4197 774 4261 quorum
789 4197 883 4244 unum
898 4198 992 4264 genus
1004 4178 1180 4243 induitirum
1192 4195 1267 4250 esse,
1283 4171 1418 4238 necteris

248 4295 285 4340 eo
301 4283 416 4343 tantum
431 4277 591 4358 diversum,
606 4282 686 4364 quod
697 4293 812 4348 eertum
823 4301 917 4368 genus
928 4282 1174 4370 praedicatoren,
1189 4278 1293 4364 agendi
1306 4275 1420 4340 scilieet

247 4423 450 4446 Q

317 4513 362 4582 ³⁵)
379 4513 433 4571 llos
448 4535 548 4590 qaoqas
563 4537 579 4575 a
591 4521 717 4579 nonnullis
728 4521 822 4580 neon
838 4541 898 4580 em
910 4533 1020 4581 urant.
1044 4523 1105 4581 vid.
1115 4521 1239 4577 Priscian.
1250 4517 1280 4586 ll,
1296 4517 1326 4571 l'l
1339 4533 1363 4584 p.
1376 4515 1418 4570 bd.
