3186 4958
750 555 896 654 ..ι-αο-

237 743 325 806 uihile
347 743 436 807 sicleri
457 753 565 826 potest,
586 744 675 806 otiam
698 743 795 808 medio
818 751 966 827 tempore,
993 741 1022 805 h.
1046 761 1073 806 e.
1101 741 1178 806 inter
1199 743 1401 808 hrimnestum

237 855 267 908 et
290 847 514 927 llutlapmenem,
535 846 667 908 extitisse
693 847 819 910 sathinrle
837 846 887 927 qui
906 845 1022 908 lrenare
1044 846 1226 910 comicorum
1253 847 1401 910 licenliam

237 948 364 1028 legibus,
391 949 459 1010 licet
490 949 615 1022 frustra,
649 961 840 1022 conarentur,
868 949 1034 1029 horumque
1066 966 1176 1022 unum,
1210 957 1240 1011 et
1275 949 1402 1013 luctasse

238 1051 444 1132 praecipuum,
475 1051 681 1115 Antimachum
712 1053 818 1126 luisse,
849 1069 975 1132 eamque
1005 1049 1043 1114 oh
1072 1069 1190 1116 oausam
1213 1050 1403 1133 Aristophani

105 1167 117 1188 ·
236 1153 399 1235 ceterisque
415 1155 502 1216 hilum
519 1155 661 1230 aaaosissea
683 1163 712 1218 et
728 1155 901 1218 memoriam
918 1153 1063 1234 quandam
1079 1153 1168 1216 huius
1183 1151 1225 1216 rei
1246 1153 1281 1216 acl
1302 1173 1402 1235 gram·

238 1255 413 1320 maticoruur
434 1257 700 1322 Alexandrinarum
724 1258 858 1321 notitiam
882 1275 1071 1340 perorantum
1088 1276 1124 1319 ex
1140 1255 1204 1331 illis,
1225 1275 1403 1339 quaesuprs

237 1359 338 1441 posui,
376 1360 469 1424 rochis
490 1361 611 1443 intelligi
642 1371 747 1446 potest.
802 1363 989 1444 Quamquam
1012 1377 1073 1423 non
1101 1359 1180 1422 illam
1208 1377 1299 1422 unam
1320 1361 1403 1425 selli-

236 1462 321 1524 caniti
358 1463 524 1528 Antimachi
559 1483 679 1530 mnsam
708 1465 897 1549 Aristophani
930 1463 1022 1528 luisse
1053 1461 1207 1548 prosimus
1242 1463 1402 1528 versiculus

237 1564 432 1640 demonstrat,

338 1659 376 1744 ὃς
397 1659 425 1751 γ)
446 1659 504 1750 ἐμὲ
526 1663 583 1734 τὸν
604 1665 750 1757 τλήμονα
764 1671 903 1759 Ληναῖον
917 1663 1062 1756 χορηγῶν
1076 1659 1216 1734 οἷπέλυο’
1235 1657 1405 1746 ideamus,

237 1771 345 1855 quibua
361 1771 456 1836 serbis
471 1772 618 1838 illiberalis
633 1775 800 1840 Antimachi
816 1773 993 1860 parsimonia
1009 1774 1039 1837 in
1054 1773 1207 1856 charegiae
1222 1791 1346 1837 munere
1357 1792 1405 1838 ar·

235 1877 344 1958 guitur.
366 1877 424 1938 Seii
439 1877 475 1941 ad
490 1879 583 1960 legem
599 1879 635 1941 ah
651 1900 687 1942 eo
703 1879 802 1954 latam,
819 1879 886 1942 licet
900 1896 960 1942 non
976 1877 1132 1961 perlatam,
1150 1877 1214 1940 sine
1229 1877 1320 1940 tobia
1335 1897 1405 1960 per·
1463 1931 1466 1940 .

237 1979 331 2042 tinere
347 1979 479 2042 clio-mus
494 1980 562 2043 illual
578 1981 739 2064 epitheton,
756 1977 813 2044 τὸν
824 1975 1005 2064 ξυγγραφῆ,
1017 1999 1077 2062 quo
1090 1997 1150 2042 non
1162 1991 1240 2042 recte
1259 1981 1406 2045 intellecto

238 2091 268 2144 et
283 2082 476 2164 [tutaminum
492 2083 618 2164 aliquem
636 2083 819 2166 roagistrum,
835 2091 865 2144 ct
879 2083 1056 2146 recentiores
1072 2083 1215 2164 quonlam
1237 2083 1353 2147 criticos
1375 2084 1406 2147 in

237 2203 371 2248 enorum
388 2185 523 2247 iauluclos
535 2204 598 2248 ceso
614 2186 749 2249 sialitanus.
779 2184 926 2248 Usitatum
943 2194 1041 2248 autern
1058 2185 1094 2247 ale
1108 2185 1237 2250 lerenrlis
1251 2185 1288 2247 ed
1309 2205 1406 2268 popu-

239 2287 300 2350 lum
318 2288 523 2371 psophismatis
540 2287 661 2351 ceritum
676 2289 754 2370 aputl
770 2289 883 2351 htticos
898 2304 958 2350 noa
975 2287 1065 2350 mocio
1086 2281 1226 2371 γράφειν·
1244 2287 1296 2350 sed
1317 2288 1406 2350 etiam

239 2385 443 2474 σαγγρᾰγαν
457 2395 508 2453 aut
524 2381 780 2475 σογγράφιοθαι
795 2398 850 2466 est,
865 2408 923 2471 qua
940 2389 1020 2452 serbi
1033 2389 1130 2452 torma
1145 2389 1240 2452 utitur
1253 2409 1280 2452 e.
1296 2408 1322 2451 c.
1337 2409 1405 2454 mu·

239 2493 357 2558 lieccula
372 2493 449 2576 apucl
472 2491 698 2578 alriotophauom
715 2492 745 2556 in
765 2491 946 2574 Tiresmaph.
964 2511 991 2554 a.
1014 2491 1090 2566 439,
1107 2509 1192 2572 quac,
1214 2499 1406 2573 posteaquam

235 2595 351 2660 initium
367 2597 527 2680 rogationis
543 2597 573 2660 in
590 2597 746 2660 mulierum
763 2604 911 2660 consentu
927 2594 1072 2679 exposuit,
1088 2590 1130 2658 aci
1153 2583 1284 2669 a’ttto,
1299 2595 1405 2678 inquit,

234 2695 319 2782 μετὰ
327 2695 384 2762 rai·
392 2693 610 2782 γραμματέως
616 2693 864 2786 συγγράψομαι,
873 2709 903 2763 et
914 2699 991 2782 apaud
1001 2698 1155 2762 Platonem
1163 2699 1250 2780 Gorg.
1259 2717 1288 2780 p.
1299 2699 1359 2762 ⁴151
1372 2699 1404 2763 ll.

233 2804 332 2885 legum
349 2813 500 2886 rogatores
517 2794 548 2868 oi
565 2795 598 2867 ἐν
612 2803 660 2890 τῷ
677 2799 770 2890 δήμῳ
786 2797 1058 2888 ξογγραψᾰμενοι
1077 2801 1225 2874 dicuntur,
1244 2801 1403 2885 ipsumque

233 2901 1405 2992 capp-pocpciecleiiulomtrsurpaturiul‘haeclcep.258.l.,undoreeteThomas

235 3009 406 3092 llagislers.
425 3010 607 3092 Theodulus,
624 3031 654 3094 p.
676 3011 737 3077 att
760 3011 885 3074 ltitsch.:
907 3005 963 3074 καὶ
983 3002 1061 3085 soie
1083 3001 1272 3094 γράφοντας
1294 2998 1316 3094 ἢ
1339 3017 1406 3096 ψογ-

235 3107 389 3197 ιγίοματα
411 3101 432 3196 ἢ
453 3103 535 3176 ἄλλο
556 3135 590 3178 τι
613 3114 765 3178 τοιοῦτον
793 3106 1004 3200 συγγραφέας
1031 3103 1166 3176 ἐκάλουν
1176 3114 1214 3192 ¹).
1251 3113 1292 3178 uo
1321 3113 1406 3177 hnti·

235 3217 343 3278 macho
358 3223 458 3278 antem
474 3215 531 3290 rix,
547 3217 663 3298 opinor,
684 3217 887 3282 ulterrahimus
908 3217 1091 3290 coniectura,
1112 3215 1137 3278 si
1157 3234 1228 3278 eum
1249 3215 1280 3279 iu
1299 3233 1405 3279 eorum

236 3336 362 3382 numero
378 3317 469 3382 luisse
490 3327 647 3403 putamus,
668 3321 718 3402 qui
737 3321 908 3402 frequenter
927 3319 1055 3382 ierenclis
1076 3319 1112 3382 ad
1132 3319 1276 3402 populum
1296 3319 1408 3400 legibus

236 3439 301 3483 sese
318 3421 495 3502 ingererent,
512 3439 604 3485 unum
620 3418 684 3483 τῶν
706 3416 784 3504 περὶ
802 3417 842 3486 τό
863 3421 966 3507 βῆμα,
982 3429 1014 3485 ut
1030 3431 1074 3486 est
1089 3421 1167 3505 apuu
1183 3421 1277 3485 sohel.
1293 3421 1340 3484 acl.
1356 3423 1407 3484 hv.

237 3540 263 3584 ν.
284 3521 376 3594 taut,
392 3523 477 3586 cuius
490 3523 606 3606 generis
621 3524 776 3600 maiorem,
793 3543 884 3606 quam
899 3543 976 3606 opus
990 3534 1062 3598 crat,
1078 3524 1300 3588 multitudinem
1316 3523 1409 3587 luisse

237 3643 330 3708 quum
345 3625 394 3688 alii
410 3635 512 3700 testes,
535 3637 599 3690 tum
615 3627 702 3690 multi
716 3627 922 3710 aruaopaanu
942 3625 999 3692 loci
1020 3627 1107 3691 uuam
1129 3627 1256 3702 laniunt,
1279 3645 1407 3709 quorum

237 3745 316 3793 unus
331 3729 459 3794 araxime
474 3729 604 3812 huiurais,
621 3730 650 3794 in
662 3730 775 3815 liquitt.
791 3749 817 3795 r.
834 3729 925 3807 1383,
941 3729 992 3795 ulai
1003 3729 1130 3816 Δῆμος,
1147 3729 1175 3796 h.
1190 3751 1217 3794 e.
1234 3730 1296 3813 ipse
1310 3749 1409 3814 popu·

305 4041 333 4104 2>
355 4039 398 4094 Sia
415 4041 495 4108 luitur
511 4043 625 4097 calicum
642 4043 754 4098 lecticas
765 4043 830 4096 satis
842 4041 945 4096 deisona
958 4043 1125 4114 ιοροηοάοοο
1137 4041 1276 4110 paterinus
1289 4039 1410 4106 hislaehll

238 4126 384 4180 coniectura
403 4128 428 4182 ia
448 4129 545 4183 vindic.
563 4130 690 4198 hristopla
711 4147 733 4198 ρ.
752 4131 781 4184 ll
803 4131 948 4198 proposita,
966 4125 1016 4184 cair
1033 4131 1143 4202 ξορίαν,
1160 4145 1209 4198 qua
1227 4125 1352 4180 uocabula
1371 4128 1412 4181 sir

238 4212 401 4286 diethalmus
413 4215 568 4269 erootouoa
581 4217 726 4272 Antimachi
739 4233 821 4270 nares
838 4217 924 4272 saturi
936 4225 1021 4286 petat,
1037 4217 1081 4286 qul
1100 4217 1218 4270 rideatur
1233 4217 1311 4268 etiarn
1328 4213 1411 4268 Nota.

239 4313 254 4348 ν
278 4297 351 4351 lull.
365 4325 398 4340 -
411 4299 519 4354 Prorsus
530 4309 615 4356 auten
626 4303 757 4356 amatior
769 4301 906 4368 Maisolia,
924 4304 1091 4370 nemesis·
1106 4318 1165 4356 aare
1187 4303 1297 4357 Nouelli
1308 4309 1412 4356 scates·

239 4382 309 4446 tien,
323 4383 367 4450 qut
383 4391 409 4436 st
426 4383 475 4439 οὖν
490 4389 638 4458 ξυγγραφῆ
652 4396 679 4440 et
698 4389 723 4442 la
739 4389 926 4456 ssthtrsphlee
948 4389 1110 4457 νυκτερινὸν
1125 4389 1237 4457 expungi
1249 4387 1340 4442 saluit.
1364 4387 1412 4441 lll-

241 4467 388 4607 ιίηιιὶιοα
402 4467 469 4538 toea,
484 4480 513 4526 st
524 4469 587 4526 alibi
602 4473 777 4542 saepiuscule,
793 4473 923 4528 Nauahias
945 4474 1062 4528 crisim
1078 4491 1150 4530 aas·
1168 4473 1253 4546 pelle
1273 4472 1411 4528 violentias

240 4567 333 4606 essm
