3182 4962
698 432 847 535 se„

193 627 338 693 Nimirum
353 624 413 690 lroe
425 621 541 688 solebat
556 621 718 707 Epicurus,
733 622 806 688 nihil
821 641 886 688 esse
901 621 932 686 in
947 621 1030 686 omui
1054 637 1156 686 rerum
1171 629 1292 696 natura,
1313 621 1362 688 eui

193 749 254 796 nun
268 730 394 794 alterum
414 727 585 814 oppositum
601 735 689 810 utque
705 727 887 792 contrarium
904 746 938 790 ea
952 743 1048 808 aequo
1063 724 1267 808 responderet.
1300 727 1361 793 lta·

192 855 250 919 que
265 844 299 898 ut
312 831 412 916 frigori
427 831 566 908 calorem,
581 829 754 896 obscuritati
769 831 884 906 lucem,
900 813 1025 894 humida
1036 828 1137 904 siccis,
1153 830 1253 893 mollia
1268 829 1361 908 duris,

192 939 288 1024 praeis
320 937 446 1013 levibus,
478 937 521 1002 sic
550 936 641 1000 etiam
667 935 845 1000 immortalia
876 933 1049 998 mortalibus
1075 933 1221 1017 aequabili
1247 934 1363 999 ratione

192 1040 387 1129 respondere,
413 1058 566 1124 quumque
593 1038 783 1104 interimendi
804 1059 909 1106 caueae
930 1037 1161 1103 innumerabiles
1182 1047 1298 1114 essent,
1320 1038 1363 1104 sio

193 1165 253 1212 non
269 1145 367 1212 minus
381 1143 611 1211 innumerabiles
626 1147 819 1211 conservandi
834 1163 937 1212 causas
952 1162 1018 1210 esse
1033 1141 1151 1207 debere.
1181 1143 1257 1208 llinc
1274 1143 1365 1228 igitur

193 1271 254 1318 non
269 1251 340 1316 illud
355 1251 475 1334 quidem
487 1249 641 1326 alliciebat,
657 1259 690 1314 ut
700 1250 954 1316 immortalitatem
966 1247 1090 1312 deorum
1104 1247 1193 1312 certis
1204 1267 1363 1332 argumen-

193 1355 231 1420 tis
246 1353 392 1419 evinceret
406 1363 437 1418 et
451 1355 563 1438 liquide
577 1354 803 1428 demonstraret,
819 1364 949 1418 attamen
964 1361 998 1416 ut
1010 1369 1072 1416 non
1083 1371 1247 1436 repugnare
1259 1353 1363 1416 saltem

193 1457 342 1546 physicam
358 1466 425 1532 aut,
447 1457 472 1520 si
493 1457 560 1540 quis
580 1457 639 1520 boc
653 1459 749 1534 malit,
770 1457 1001 1541 metaphysicam
1018 1455 1164 1522 rationem
1180 1457 1362 1520 ostenderet.

194 1561 353 1644 quominus
369 1559 551 1624 immortales
565 1559 595 1622 di
609 1579 674 1624 esse
689 1561 890 1636 crederentur,
906 1569 936 1623 et
947 1559 1116 1624 communis
1127 1560 1200 1622 baec
1209 1557 1362 1642 persuasio

194 1665 280 1729 etiam
297 1663 508 1746 implentibus
525 1661 708 1747 preberetur.
721 1665 818 1729 immo
833 1684 927 1748 quum
943 1683 1008 1728 esse
1024 1663 1169 1747 quaedam
1186 1661 1363 1725 immortalia

194 1769 224 1832 in
238 1785 338 1830 rerum
353 1767 543 1831 universitate
558 1773 679 1850 propter
699 1756 870 1849 ίοονομίαν
887 1786 1009 1832 neeesse
1025 1775 1119 1842 esset,
1139 1783 1242 1829 earum
1263 1774 1364 1828 autem

192 1889 304 1944 rerum,
318 1887 394 1953 quae
408 1879 459 1934 aut
474 1869 610 1932 manibus
626 1871 705 1952 tangi
720 1881 772 1934 aut
786 1871 880 1935 oculis
894 1869 985 1934 sideri
1000 1877 1050 1933 sut
1064 1869 1128 1932 aliis
1143 1867 1277 1951 corporis
1293 1884 1364 1931 sen-

194 1973 275 2037 sibus
291 1973 400 2057 percipi
425 1981 562 2056 possent,
589 1971 660 2036 nillil
684 1989 744 2036 non
770 1975 896 2037 mortale
917 1981 949 2037 et
964 1973 1108 2036 caducum
1123 1991 1189 2036 esse
1205 1979 1364 2046 constaret,

194 2093 379 2160 consequens
400 2084 473 2150 erat,
496 2083 530 2138 ut
550 2079 602 2138 aut
624 2075 829 2140 immortalitas
851 2075 937 2160 plane
959 2093 1107 2159 nusquam
1125 2093 1191 2138 esse
1207 2074 1365 2145 diceretur,

91 2231 94 2236 -
195 2179 319 2263 1111111111
335 2187 457 2264 propter
477 2169 649 2261 ἰσονομίαν
669 2179 759 2242 statui
779 2198 840 2242 non
859 2187 979 2264 posset,
999 2188 1051 2244 aut
1071 2187 1105 2241 ut
1125 2197 1217 2262 penes
1232 2197 1284 2241 eos
1300 2197 1366 2240 esse

196 2283 376 2360 crederetur,
398 2299 525 2364 quorum
549 2281 691 2364 imagines
714 2291 883 2346 constantes
905 2283 1011 2366 suique
1026 2299 1146 2365 semper
1168 2281 1280 2344 similes
1298 2299 1366 2343 om·

195 2387 285 2470 nique
300 2381 520 2448 imminutionis
540 2403 575 2448 ac
595 2383 784 2449 mortalitatis
804 2394 875 2448 nota
895 2394 1028 2448 carentes
1059 2401 1121 2446 nen
1151 2383 1288 2446 sensibus
1313 2381 1366 2446 secl

80 2563 83 2572 Δ
196 2488 252 2574 ipsi
276 2486 377 2552 animo
392 2505 424 2550 se
447 2487 604 2566 ollerreut,
625 2488 656 2552 lr.
679 2507 706 2552 e.
730 2506 821 2573 penes
843 2488 926 2552 deos.
948 2521 991 2534 —
1014 2485 1109 2550 Simili
1135 2493 1234 2550 autem
1259 2502 1367 2568 genere

196 2591 366 2676 disputandi
392 2589 481 2655 etiam
509 2590 545 2654 acl
574 2589 787 2656 beatitudinem
815 2591 939 2656 deorum
970 2589 1155 2674 probandam
1182 2589 1226 2654 uti
1253 2588 1368 2654 licebat.

196 2695 271 2761 llam
303 2714 370 2758 esse
400 2693 613 2759 beatitudiuem
646 2694 807 2760 inlelicitali
836 2694 1014 2760 contrariam
1044 2694 1148 2758 eadem
1178 2693 1226 2759 illa
1256 2682 1368 2758 icave-

195 2799 275 2884 μίας
299 2800 345 2864 lex
371 2800 552 2886 postulabat,
576 2819 729 2884 quumque
754 2799 786 2865 in
811 2800 899 2865 terris
924 2798 1072 2882 rebusque
1094 2799 1270 2863 mortalibus
1295 2795 1369 2860 nihil

197 2912 277 2969 esset
302 2923 337 2968 ex
363 2903 445 2968 omni
469 2910 552 2988 perte
575 2903 712 2980 matum,
737 2924 889 2970 summam
911 2911 1000 2990 alque
1021 2904 1182 2990 perlectam
1208 2901 1369 2967 beatitudi-

197 3009 333 3091 nem20),
349 3007 466 3092 qualem
482 3007 588 3073 alicubi
603 3018 702 3074 tamen
714 3029 779 3072 esse
791 3019 951 3095 oporteret,
967 3017 1201 3075 consentaneum
1212 3016 1276 3073 erat
1290 3003 1369 3090 apud

158 3107 160 3112 ’
198 3113 319 3177 eosdem
334 3131 399 3176 esse
414 3113 504 3182 credi.
518 3114 595 3197 apud
611 3133 687 3198 quos
701 3123 780 3178 esset
793 3113 1011 3180 immortalitas.
1022 3146 1066 3160 -
1080 3113 1122 3177 lle
1138 3113 1194 3176 hoc
1208 3127 1369 3194 argumen-

198 3215 279 3282 tandi
293 3233 400 3298 genere
414 3225 566 3300 utcunque
581 3216 773 3290 iudicabitur,
794 3219 852 3284 hoc
865 3221 967 3282 tamen
982 3218 1137 3281 latendum
1153 3217 1223 3290 erit,
1245 3232 1307 3278 uon
1321 3214 1369 3276 iu·

46 3403 49 3410 Ι
159 3359 163 3364 -
200 3320 313 3386 nemim
328 3338 403 3398 ease,
418 3337 507 3405 quam
523 3340 583 3404 quo
598 3321 672 3385 alios
687 3341 807 3407 quoque
822 3321 979 3404 theologos
994 3321 1237 3406 philosophantes
1249 3318 1279 3382 iu
1295 3315 1370 3381 sliri-

200 3530 258 3585 rss,
274 3515 319 3568 ssd
335 3514 420 3585 petius
432 3515 480 3583 ipsi
493 3515 591 3570 viribus
604 3517 658 3571 illis
671 3518 903 3574 meservstrieibns
916 3518 942 3572 iu
954 3519 1009 3573 sita
1022 3525 1142 3589 statuque
1153 3533 1199 3570 sue
1213 3531 1369 3571 conseruau-

201 3611 251 3657 tar.
276 3601 332 3657 Nes
349 3611 405 3657 erst
423 3602 502 3672 igitar
514 3619 560 3657 eur
572 3601 703 3676 Zellsrus,
724 3605 788 3660 llist.
803 3605 864 3675 pbil.
877 3605 917 3675 lli,
933 3609 941 3660 1
958 3623 983 3678 p.
995 3607 1046 3661 tto
1058 3613 1111 3660 eet.
1126 3606 1137 3658 l
1152 3603 1369 3660 1111111111ῦὶ-

200 3691 301 3744 serenis
323 3691 408 3746 errori
429 3691 600 3760 imputandum
622 3701 732 3764 putaret.
754 3693 833 3748 ilcete
852 3695 918 3748 seim
931 3693 1078 3750 intellectus
1090 3694 1194 3748 minime
1206 3701 1301 3765 pugnat
1312 3709 1370 3748 eum

21 3749 76 3776 “·
200 3777 486 3846 spissamentum
498 3780 536 3833 aa
548 3781 707 3846 astemoe
720 3797 751 3835 ee
764 3783 995 3852 aerumpnam,
1007 3782 1171 3849 aserenan
1184 3779 1245 3834 esau
1258 3781 1370 3852 aarum,

200 3881 248 3934 qse
268 3864 351 3918 1111111
372 3881 419 3934 per
439 3865 510 3918 sires
532 3863 590 3920 11111
611 3867 818 3922 conservatrices
834 3869 861 3923 di
877 3869 901 3922 iu
919 3877 1052 3922 aeternum
1063 3867 1212 3922 conservari
1223 3867 1371 3920 credamur.

200 3949 449 4091 pus-seripsotppnpsnss
467 3951 570 4007 Zelless
583 3950 734 4021 lidbaerus,
756 3971 866 4024 nuperus
879 3955 968 4010 lerum
979 3953 1106 4010 librorum
1118 3955 1254 4024 interpres,
1266 3953 1311 4006 ssd
1324 3967 1370 4020 ps·

270 4123 314 4190 20)
332 4121 531 4196 Εὐδαιμονίαν
546 4119 705 4198 ἀκροτάτην
721 4121 856 4183 lateam
872 4125 924 4184 esis
939 4124 1063 4202 δχονσον
1079 4129 1202 4200 lipleures
1219 4129 1285 4198 spud
1297 4125 1371 4196 illos.

203 4207 233 4265 l.
242 4207 279 4277 Χ,
293 4209 339 4263 121
354 4211 419 4265 lesse
431 4209 569 4281 perlectam
581 4212 762 4268 beatitudinem
774 4215 845 4282 ltere,
862 4231 926 4284 quse
939 4216 1045 4270 daem
1056 4215 1104 4282 sit,
1121 4216 1273 4285 apponitque
1284 4215 1373 4268 benus·

204 4311 264 4362 sss,
284 4311 349 4364 usse
370 4293 539 4370 apertiores
556 4297 603 4352 sei
617 4295 771 4372 desiperes
782 4296 1009 4369 aresceremus.
1032 4300 1176 4356 Carillrter
1188 4297 1373 4374 εὐδαιμονίας

204 4382 353 4438 1111111111
373 4384 405 4438 sb
418 4384 529 4456 Epicuro
548 4391 698 4454 usurpatum
714 4387 807 4442 Sextus
820 4387 892 4459 Eup.
908 4390 967 4445 sis.
981 4389 1059 4462 Pbps.
1073 4391 1097 4458 l,
1109 4391 1157 4455 lla
1177 4383 1372 4462 possesiones

204 4469 287 4525 111111
302 4470 420 4539 dixisset,
432 4469 502 4526 11111
513 4473 654 4528 1111111111
665 4488 743 4527 esuss
754 4473 830 4529 ieret.
