3266 4958
879 422 919 488 14

826 509 842 518 ιι
868 511 890 518 ..-
900 509 975 519 ...-

318 620 387 677 octo
401 609 542 676 babeam
557 610 595 676 do
610 631 643 676 re
658 610 775 696 publiea
789 611 880 677 libros
895 611 1031 677 omnium
1047 618 1195 698 quotquot
1209 622 1336 680 aenum
1352 616 1484 682 tulerunt

317 714 402 778 iaeiie
422 715 700 798 praestantissimos.
730 715 825 782 Nemo
845 715 925 780 enim
944 735 1041 800 neque
1060 717 1097 782 de
1117 718 1213 783 causis
1227 717 1378 784 societatis
1393 720 1483 786 civilia

317 837 496 904 summeque
516 819 580 885 eius
602 821 661 886 tine
680 821 791 886 rectius
810 821 962 896 disseruit,
985 841 1081 906 neque
1103 821 1213 898 sarias,
1236 841 1312 906 quae
1331 840 1426 906 usque
1447 824 1484 890 ad

317 921 409 1006 ipsius
420 932 544 990 aetatem
557 925 714 992 extiterant
724 945 825 991 rerum
836 925 1019 1010 publicarum
1031 927 1152 999 termas,
1167 925 1333 1010 diligentius
1344 945 1484 1010 perscru-

316 1033 396 1094 tatus
410 1036 466 1106 est,
481 1048 579 1115 neque
593 1031 664 1116 quid
679 1033 710 1096 in
722 1050 839 1116 quaque
851 1030 930 1108 boni,
946 1031 1016 1114 quid
1028 1031 1096 1097 mali
1108 1038 1186 1096 esset
1197 1031 1311 1096 acutius
1322 1032 1482 1116 perspexit,

316 1141 350 1198 et
368 1153 443 1218 quae
461 1136 628 1220 quibusque
642 1137 862 1201 conditionibus
878 1137 1074 1220 praeoptanda
1089 1144 1170 1200 esset
1183 1135 1358 1219 prudentius
1373 1135 1482 1200 diiudi·

316 1237 402 1303 carit
431 1239 469 1304 Et
483 1240 520 1304 de
533 1241 614 1324 regio
629 1239 748 1325 quidem
764 1240 905 1325 imperio,
927 1259 1108 1324 quamquam
1124 1241 1304 1305 Graecorum
1319 1239 1438 1324 ingenio
1452 1241 1482 1307 id

317 1342 417 1407 minus
438 1344 593 1408 mnreuire
613 1343 744 1422 ridebat,
765 1345 828 1430 ipse
848 1351 947 1408 tamen
962 1343 1055 1408 nihilo
1070 1343 1170 1408 miuus
1185 1342 1347 1410 honorifice
1362 1344 1481 1411 iudicat

315 1443 391 1510 Vere
405 1455 505 1511 autem
520 1448 579 1514 hoe
593 1449 713 1514 nomine
728 1449 850 1532 dignum
865 1447 922 1511 tale
936 1447 1026 1512 unius
1041 1447 1198 1531 imperium
1210 1467 1275 1514 ease
1287 1449 1336 1525 ait,
1352 1449 1400 1514 eui
1411 1469 1482 1532 pro·

315 1549 447 1634 pesitum
467 1551 506 1616 sit
522 1571 682 1618 commuue
696 1553 739 1618 rei
754 1551 888 1638 publicae
902 1551 1029 1615 henum:
1051 1547 1164 1616 καλεῖν
1180 1547 1218 1618 δὲ
1233 1543 1404 1636 εἰώθαμεν
1417 1552 1483 1617 τῶν

313 1655 502 1740 μοναρχιῶν
526 1651 585 1742 τὴν
612 1651 697 1743 πρὸς
722 1652 762 1722 sd
785 1657 883 1743 κοινῇ
905 1645 1171 1738 ἀποβλέπουσαν
1191 1649 1358 1742 συμφέρον
1379 1657 1483 1739 βασι·

314 1753 406 1824 λείαν
416 1761 478 1842 ²⁶).
515 1761 585 1826 Eius
600 1771 700 1826 autem
715 1761 828 1846 species
843 1781 909 1826 esse
924 1759 1030 1834 sarias,
1050 1769 1141 1844 prout
1154 1759 1225 1824 illud
1240 1759 1399 1844 imperium
1414 1761 1481 1845 pius

316 1862 416 1926 minus
430 1863 686 1949 circumscriptum
701 1867 755 1930 sit:
772 1884 873 1939 unam,
887 1863 981 1948 qualis
996 1863 1053 1928 iuit
1067 1865 1145 1948 apud
1162 1867 1333 1948 Spartanos,
1350 1884 1481 1949 quorum

316 1980 419 2046 regum
445 1975 623 2050 potestatem
649 1968 784 2032 emnium
805 1968 960 2032 minimam
983 1968 1076 2033 tuisse
1096 1975 1228 2042 constat,
1255 1987 1348 2048 quum
1369 1979 1399 2032 et
1419 1969 1481 2032 bini

316 2077 431 2145 essent,
450 2079 482 2134 et
500 2089 562 2134 uon
582 2071 672 2136 modo
692 2071 806 2136 senatui
826 2071 879 2134 sed
900 2089 970 2134 mox
990 2071 1079 2134 etiam
1095 2070 1215 2153 ephoris
1230 2071 1332 2134 multis
1347 2070 1379 2134 iu
1393 2069 1482 2134 rebus

314 2168 448 2247 obnoxii,
469 2181 501 2236 et
519 2173 567 2237 ria
581 2175 665 2239 aliter
679 2195 695 2238 a
710 2175 836 2238 summis
851 2183 1017 2239 ceterarum
1033 2174 1183 2238 civitatum
1199 2173 1420 2256 magistratibus
1435 2173 1481 2238 di·

313 2273 404 2352 versi,
427 2294 516 2357 quarn
538 2277 617 2360 quod
637 2285 811 2362 perpetuam
831 2277 980 2342 habehant
999 2277 1187 2360 dignitatem,
1209 2294 1272 2340 non
1286 2295 1414 2342 annuam
1430 2285 1482 2341 aut

312 2375 411 2459 aliquo
436 2381 581 2462 temporis
605 2381 701 2463 spatio
728 2381 895 2456 definitam,
924 2381 1062 2464 quodque
1087 2380 1199 2444 summi
1224 2388 1309 2445 erant
1333 2381 1481 2445 exereitus

311 2477 465 2558 ductoresq
481 2500 661 2566 quamquam
673 2501 734 2548 non
746 2483 886 2548 omnihus
897 2501 1016 2566 semper
1027 2483 1203 2546 exercitibus
1213 2501 1296 2565 reges
1307 2484 1480 2565 praefuisse,

310 2589 358 2657 et,
378 2582 403 2646 si
417 2591 602 2665 praeessent,
624 2587 664 2650 ibi
680 2605 799 2672 quoque
814 2587 851 2650 ab
865 2586 986 2670 ephoris
1001 2604 1061 2650 non
1077 2585 1274 2649 incustoditas
1290 2585 1382 2650 tuisse
1398 2586 1481 2650 aide-

310 2701 388 2747 mus.
418 2687 551 2752 Alterum
567 2707 660 2771 genus
675 2691 757 2774 regni
772 2689 843 2754 ittud
859 2709 924 2753 esse
939 2689 1042 2764 docet,
1063 2687 1142 2771 qued
1157 2687 1276 2751 heroica
1291 2698 1386 2752 aetate
1401 2689 1480 2773 apud

310 2786 437 2852 Graecos
463 2789 554 2855 fuisse
575 2793 698 2857 ilomeri
724 2794 855 2859 earmina
881 2793 1012 2857 tradunt.
1048 2793 1080 2856 id
1106 2799 1206 2856 autem
1232 2793 1328 2855 tribus
1351 2793 1479 2856 maxime

309 2889 399 2954 rebus
413 2893 577 2970 constabat,
592 2895 668 2960 ioris
683 2905 717 2961 ut
730 2897 895 2962 exereitum
910 2915 996 2978 reges
1010 2895 1177 2970 ductarent,
1192 2895 1275 2959 demi
1289 2902 1323 2958 ut
1338 2893 1383 2958 ius
1399 2895 1479 2958 dice·

309 3003 393 3070 rent,
408 3001 439 3058 et
453 3005 487 3060 ut
501 3017 584 3062 saera
599 3000 742 3082 quaedam
758 3019 813 3084 pro
828 2999 939 3082 populo
955 3000 1096 3063 iacerent.
1127 3001 1317 3081 Quantopere
1333 3004 1433 3062 autem
1448 2997 1480 3062 hi

310 3117 430 3184 quoque
449 3100 480 3164 in
500 3102 733 3168 administranda
747 3122 780 3168 re
794 3103 911 3188 publica
926 3110 1092 3168 ceterorum
1108 3103 1291 3186 principum,
1313 3101 1364 3184 qui
1378 3105 1410 3165 et
1424 3099 1479 3183 ipsi

309 3219 373 3267 uon
391 3221 459 3268 raro
479 3202 638 3293 βασιλῆος
657 3213 815 3282 uocantur,
843 3207 1017 3273 auctoritate
1039 3213 1069 3270 et
1088 3207 1212 3272 consilio
1230 3205 1339 3290 partim
1359 3204 1479 3269 coerciti

309 3308 417 3390 partim
429 3309 520 3374 adiuti
530 3309 600 3386 sint,
616 3329 678 3375 non
689 3329 765 3394 opus
775 3317 822 3374 eat
832 3329 913 3376 nune
923 3309 1042 3393 exponi,
1055 3329 1151 3394 neque
1163 3327 1344 3393 quemquam
1357 3307 1478 3373 ilomeri

183 3493 185 3498 Ι
310 3409 451 3476 tectorem
465 3412 550 3496 rugit
578 3413 715 3478 Tardum
729 3433 822 3496 genus
837 3433 942 3479 eorum
958 3421 1013 3490 est,
1029 3432 1106 3497 quos
1120 3423 1336 3496 nonuunquam
1348 3411 1478 3475 Graeco·

309 3533 377 3578 rum
403 3515 533 3588 ciuitates
556 3517 636 3600 ipsae
656 3517 712 3581 sibi
732 3517 943 3602 imposuerunt
963 3517 1110 3582 intestinis
1131 3517 1287 3583 discordiis
1306 3515 1415 3591 fessae,
1443 3523 1479 3580 ut

308 3615 421 3698 ieqihus
440 3617 604 3684 scribendis
625 3619 844 3702 ordinandoque
864 3638 897 3684 re
919 3619 1035 3704 publiea
1056 3639 1159 3703 paoem
1176 3628 1208 3684 et
1221 3619 1412 3685 concordiam
1427 3635 1477 3682 re·

307 3718 466 3786 stituerunt
485 3730 516 3786 et
534 3730 681 3805 quantum
702 3731 804 3806 posset
823 3722 1025 3805 inposterum
1041 3723 1221 3788 stabilirent:
1243 3721 1403 3804 dequibus
1418 3717 1477 3783 iam

308 3839 399 3904 supra
418 3841 435 3888 a
454 3825 541 3890 nohis
563 3825 675 3889 dietum
697 3831 751 3889 est.
781 3825 927 3900 Quartum
953 3825 1080 3906 denique
1099 3845 1192 3910 genus
1213 3825 1295 3908 reqni
1316 3841 1378 3888 nen
1397 3821 1476 3905 apud

308 3921 445 4003 Graecos,
458 3929 511 3992 sed
526 3929 605 4012 apud
619 3927 761 3992 barbaros
772 3927 918 4010 quosdam
929 3927 1071 3991 usitatum
1084 3933 1240 4004 memorat,
1254 3927 1305 3992 uhi
1317 3925 1477 4008 imperium

307 4024 412 4108 unius,
425 4030 505 4094 uuita
519 4030 575 4114 ipsi
589 4029 726 4116 opposita
741 4035 888 4114 potestate
903 4029 1076 4107 coercitum,
1090 4031 1144 4096 sed
1159 4029 1372 4096 hereditarium
1386 4036 1477 4111 atque

307 4127 473 4211 buitimum
491 4133 540 4199 ait.
568 4133 683 4220 Nempe
703 4133 866 4218 legitimum
888 4133 947 4198 hec
965 4151 1057 4198 sensu
1076 4133 1200 4210 dieitur,
1218 4140 1254 4198 ut
1274 4129 1409 4196 moribus
1427 4129 1477 4195 in·

307 4230 478 4319 obtutuque
498 4237 600 4321 patriis
613 4245 767 4322 receptum
782 4235 943 4320 siquidcet,
958 4255 1021 4302 nou
1034 4246 1070 4302 ut
1083 4235 1201 4321 seriptis
1215 4236 1328 4320 tegibus
1342 4234 1388 4299 rei
1402 4250 1473 4298 sau·
1544 4295 1546 4299 a

312 4385 510 4404 ψ

375 4449 638 4524 ”imi-mem
