3166 4962
680 456 832 558 ,ιιι-

166 651 245 715 isanc
264 651 392 716 iormam
412 649 597 736 pronominis
616 651 704 715 etiam
726 649 877 716 indefinito
901 657 991 731 atque
1017 647 1222 732 interrogativo
1240 665 1330 712 sensu

166 757 305 838 usurpari
326 755 524 835 videmus¹⁸i.
553 755 591 820 Et
610 755 762 820 indeiinita
782 753 902 838 quidem
919 753 1093 835 significatio
1115 762 1171 828 est,
1193 752 1245 817 uui
1259 749 1330 816 iilud

167 859 287 943 quidem
302 860 479 944 eloquimur,
495 859 539 942 api
554 859 663 943 aliquid
678 867 729 923 aut
743 868 841 922 actum
852 876 918 921 esse
933 867 983 920 aut
994 865 1092 920 actum
1104 856 1150 930 iri,
1164 857 1330 920 subiectura

167 971 267 1027 autem
282 972 334 1028 aut
344 964 491 1026 obiectum
503 962 627 1026 actionis
638 963 708 1046 quid
720 963 759 1027 sit
769 971 821 1026 aut
832 961 980 1024 noscimus
991 961 1057 1046 ipsi,
1073 970 1124 1024 aut
1134 971 1214 1024 certe
1225 971 1330 1023 notum

167 1065 264 1130 iacere
278 1067 405 1131 auditori
419 1073 471 1130 aut
485 1065 625 1130 uolumus
640 1077 766 1130 autnon
781 1083 952 1151 possumus,
968 1063 1092 1146 ideoque
1107 1063 1137 1126 in
1152 1063 1264 1126 incerto
1281 1081 1331 1126 re·

167 1169 339 1252 linquimus.
362 1169 447 1246 Quod
469 1187 561 1251 quum
578 1179 677 1234 tamen
692 1169 762 1232 iruic
776 1169 889 1234 incerto
903 1167 1101 1232 suisiecto'aut
1118 1166 1234 1230 obiecto
1251 1165 1331 1228 desi·
1400 1163 1402 1165 ’
1510 1139 1550 1224 ”.

167 1273 284 1354 grando
299 1272 327 1336 id
344 1291 510 1355 pronomen
525 1273 707 1346 adioibeatur,
718 1273 799 1356 quod
814 1274 884 1336 aiias
899 1271 1145 1334 demonstrationi
1160 1270 1290 1344 inservis,
1300 1268 1330 1332 id

168 1375 306 1458 equidem
318 1395 373 1460 pro
385 1377 565 1441 documento
579 1395 644 1440 esse
658 1375 795 1450 arbitror,
812 1377 867 1440 iiiis
881 1376 932 1458 qui
943 1376 986 1440 sic
996 1375 1194 1458 loquebantur
1203 1374 1332 1436 demon·

168 1480 342 1544 strationem
363 1481 510 1564 quantiam
532 1499 569 1543 no
583 1479 621 1542 ab
635 1479 690 1543 hac
703 1479 823 1563 quidem
843 1479 993 1543 indeiinita
1014 1479 1214 1560 designatione
1228 1477 1332 1540 aisessn

167 1582 258 1645 risam
277 1603 352 1647 esse.
383 1584 484 1665 iieque
504 1583 533 1646 id
554 1583 711 1648 immerito.
741 1582 859 1647 Etenim
880 1583 937 1644 iroc
955 1583 1058 1646 saitem
1082 1582 1330 1644 densonsuamus.

167 1685 315 1750 obversari
340 1685 426 1750 nobis
452 1696 482 1750 et
503 1687 692 1769 cogitandum
711 1706 776 1750 essa
801 1685 838 1749 ab
863 1685 997 1749 auditore
1015 1704 1079 1748 rem
1098 1695 1151 1748 aut
1165 1703 1331 1768 personam,

168 1807 242 1870 quae
258 1789 331 1864 eius,
352 1790 388 1854 de
404 1807 462 1872 qua
477 1791 635 1872 inquimus,
655 1790 778 1854 actionis
791 1789 956 1852 subiectum
972 1799 1024 1852 aut
1038 1788 1185 1851 oisiectum
1201 1787 1256 1862 sit3
1277 1785 1330 1850 sed

168 1911 272 1956 manca
287 1893 358 1958 iraec
373 1895 585 1957 demonstratio
600 1904 629 1958 st
644 1895 815 1976 imperfecta
831 1898 887 1961 est.
902 1901 1004 1974 utpote
1015 1910 1090 1973 quae
1102 1909 1210 1973 neque,
1225 1899 1258 1952 ut
1269 1889 1331 1972 pri·

167 1995 266 2058 mitian
281 1997 338 2070 iiia,
362 1997 469 2060 iurem
485 2005 536 2061 aut
551 2015 708 2080 personam
724 2005 907 2081 praesentem
929 1993 1071 2058 auditoris
1086 1995 1187 2057 ocuios
1203 2003 1254 2056 aut
1267 1991 1331 2054 ani·

167 2115 251 2162 mum
272 2099 385 2182 dirigat,
411 2117 508 2182 neque
527 2111 560 2164 ut
574 2101 704 2176 relativa,
725 2099 830 2182 prioris
849 2098 969 2162 notitiae
988 2097 1145 2161 admoneat
1162 2107 1213 2160 aut
1226 2096 1331 2159 suisse-

168 2211 309 2284 qucntem
335 2202 486 2268 attendere
512 2203 625 2277 iubeat,
651 2205 704 2268 sed
724 2205 866 2268 hactenus
886 2209 1000 2264 tautum
1021 2220 1084 2265 rena
1105 2209 1157 2265 aut
1175 2218 1330 2283 personam
1366 2197 1368 2200 ’

167 2305 311 2388 designet,
332 2315 477 2390 quatenus
497 2309 619 2373 actionis
641 2307 805 2372 subiectum
821 2313 873 2371 aut
888 2305 1035 2370 niriectuur
1050 2306 1099 2368 sit.
1129 2305 1230 2389 Neque
1246 2305 1333 2388 igitur

169 2410 326 2492 quicquam
343 2411 398 2476 irac
413 2411 663 2477 demonstratione
676 2411 811 2486 efficitur,
828 2409 885 2474 uisi
897 2419 930 2474 ut
941 2411 1059 2474 auditor
1070 2409 1135 2472 taiis
1147 2411 1190 2474 rei
1201 2415 1250 2472 aut
1264 2428 1332 2494 per-

168 2531 259 2576 sonae
274 2515 377 2578 notion
388 2535 427 2578 un
442 2518 599 2601 concipiat,
615 2518 644 2582 in
660 2537 748 2599 quatu
764 2516 811 2580 iila
825 2515 902 2580 aetio
917 2516 1020 2578 cadere
1034 2514 1139 2597 pressit,
1159 2533 1234 2596 quac
1249 2513 1332 2578 notio

168 2635 258 2701 quam
274 2617 332 2682 iate
351 2629 439 2702 patet,
461 2629 522 2684 tam
543 2622 600 2684 iate
615 2621 703 2684 ctiam
720 2619 999 2682 demonstrationem
1015 2619 1102 2708 istam
1119 2625 1219 2701 patero
1235 2617 1333 2681 mani·

169 2721 278 2784 testum
294 2731 348 2798 est,
370 2732 405 2788 ut
419 2741 478 2786 non
493 2724 643 2787 immerito
658 2723 771 2786 infinita
787 2743 813 2785 r.
830 2723 979 2786 indetinita
994 2741 1060 2785 esse
1076 2721 1199 2794 dicatur,
1221 2741 1333 2804 prrono-

169 2841 298 2906 meuque
319 2826 348 2890 in
369 2826 418 2890 tali
440 2826 692 2891 demonstratione
713 2835 886 2908 usurpatum
907 2844 968 2888 nou
991 2825 1049 2890 iam
1069 2825 1332 2889 demonstrativum

169 2927 221 2990 sed
237 2929 422 2993 indefinitum
437 2939 568 2994 vocetur.
590 2932 727 2994 Ceterum
743 2949 802 3013 quo
817 2929 910 3012 magis
924 2929 1075 2993 indefinita
1086 2929 1150 2993 eius
1160 2929 1333 3011 signiticatio

169 3042 356 3115 agnoscatur,
371 3033 459 3098 etiam
475 3035 592 3116 signum
609 3035 759 3118 quoddam
779 3033 898 3118 praefigi
913 3033 1000 3108 soiet,
1019 3032 1085 3105 aii,
1104 3051 1144 3095 er
1160 3031 1335 3114 praenomine

169 3136 201 3199 ai
211 3135 270 3199 ius
286 3136 365 3200 isaud
381 3137 469 3201 alubis
485 3139 586 3221 petito,
610 3138 694 3202 cuius
708 3137 833 3202 irarcris
847 3145 902 3208 est,
917 3141 952 3199 ut
966 3153 1025 3198 usin
1037 3153 1127 3199 unam
1143 3145 1256 3198 certum
1271 3153 1335 3199 rem

170 3248 222 3302 aut
240 3257 398 3321 personam
422 3241 609 3305 manifestam
630 3241 727 3314 iaciat,
748 3241 799 3304 sed
819 3261 854 3303 ex
875 3239 1013 3302 uoieerso
1028 3257 1136 3320 genere
1151 3259 1185 3302 ac
1200 3241 1337 3303 multitu·

170 3343 237 3405 dine
253 3343 365 3406 intinits
381 3344 426 3406 rei
441 3343 517 3408 iranc
532 3345 575 3408 rei
592 3345 670 3408 iiiam
686 3343 806 3426 cogitari
822 3341 930 3406 iubeat.
944 3375 986 3390 -
1001 3343 1062 3406 iam
1079 3344 1115 3406 de
1131 3344 1336 3426 interrogativa

170 3443 303 3507 eiusdem
320 3445 504 3526 pronominis
519 3446 731 3528 significatione
743 3447 899 3509 videndum
912 3455 969 3519 est,
984 3445 1021 3509 de
1036 3465 1094 3528 qua
1106 3447 1264 3530 pterosque
1275 3463 1337 3510 non

170 3557 249 3612 recto
269 3548 397 3613 iudicare
418 3549 511 3624 video,
538 3567 632 3632 quum
653 3569 690 3614 ex
710 3551 919 3631 interrogatisa
935 3549 1128 3624 indefinitam,
1149 3569 1208 3614 non
1223 3559 1337 3622 contra,

170 3650 357 3716 derivandam
382 3673 448 3716 esse
472 3653 640 3736 opinentur.
680 3653 710 3718 is
735 3672 819 3718 error
839 3673 899 3736 quo
918 3653 1028 3718 certius
1052 3654 1254 3736 resiarpuatur,
1280 3655 1338 3719 iroc

243 3789 284 3854 12)
302 3789 424 3843 Levium
436 3791 555 3859 qussdsus
568 3791 593 3844 ts
606 3792 692 3862 paucis
704 3792 806 3845 essibus
819 3793 971 3844 mutationes
982 3792 1234 3844 commemoraretis
1245 3807 1337 3860 aperus

171 3875 281 3944 pretium
302 3874 388 3929 suerit.
412 3877 476 3930 iiam
496 3879 561 3946 quad
583 3877 609 3931 is
631 3878 751 3930 nominat.
767 3879 833 3945 einp.
857 3876 914 3931 iem.
932 3885 959 3930 et
975 3879 1041 3945 piur.
1057 3886 1139 3931 seutr.
1155 3894 1337 3946 sospena-ers

172 3979 221 4014 nnn
241 3975 318 4029 quse
338 3963 383 4015 ssd
404 3979 463 4030 qus
482 3963 585 4030 dicitur,
606 3981 654 4016 aas
676 3980 737 4018 sanc
755 3965 844 4016 mirum
857 3971 898 4016 est
910 3963 1338 4030 indefinitaesignificationistisn

171 4049 317 4102 debiliorem
335 4047 440 4104 inrrasn
456 4051 649 4104 accommodari.
673 4049 860 4104 Nomisstivuas
878 4049 1008 4103 indefinito
1024 4057 1052 4102 et
1063 4049 1249 4117 interrogativo
1260 4066 1338 4104 ιιιιι

172 4136 238 4204 apud
258 4136 415 4203 antiquiores
436 4135 482 4189 vix
504 4136 591 4190 rarius
610 4135 663 4203 qui
675 4153 748 4205 quasa
759 4136 829 4204 quis
841 4153 899 4189 esso
910 4136 1040 4200 videmus,
1061 4153 1107 4188 sec
1119 4137 1211 4190 desset
1222 4135 1338 4208 exempla

173 4218 269 4274 iormss
290 4221 360 4290 qais
380 4221 458 4274 etism
477 4220 589 4275 reistivo
609 4223 716 4290 quodem
736 4225 811 4276 nando
831 4231 978 4293 userpstsa.
1000 4221 1041 4276 Gt
1057 4223 1191 4277 Αιίιιιιιι.
1209 4233 1289 4278 nostr.
1305 4225 1338 4278 sd
1360 4257 1369 4264 -

172 4314 237 4370 ιιιι.
255 4323 361 4376 gessum.
373 4308 455 4361 doctr.
469 4307 501 4360 ds
513 4305 624 4362 srticuia
636 4325 660 4378 p.
673 4309 715 4362 2'i.
738 4309 850 4378 Denique
862 4310 933 4378 qnid
945 4325 992 4378 pra
1003 4309 1081 4378 qaod
1093 4310 1250 4364 discriminis
1260 4327 1339 4366 esuss

171 4393 223 4448 diei
244 4393 353 4464 pisesit,
374 4401 450 4462 prout
461 4409 598 4464 pronomen
611 4401 656 4448 sut
667 4391 749 4448 soiunr
762 4397 856 4464 sisque
869 4397 968 4450 nomiae
980 4397 1122 4466 parciatur
1132 4405 1178 4452 ιιι
1189 4399 1283 4454 annisi
1294 4415 1341 4470 sp·

172 4477 323 4550 pitcaisstur,
334 4479 360 4532 h.
370 4495 395 4534 a.
407 4488 452 4534 ιιι
462 4479 619 4534 substsntisi
630 4489 676 4535 ιιι
686 4481 809 4536 adiectiri
819 4483 903 4536 instar
912 4493 979 4538 srut.
