3266 4958
170 618 329 684 descensus
342 628 430 698 esset,
445 621 568 688 utenm
582 619 648 696 diis,
663 621 786 688 alteram
799 619 937 686 humanis
951 620 1058 686 mimis
1072 620 1104 686 in
1118 617 1235 686 coetum
1245 637 1334 685 erec-

171 723 240 787 tstis
255 722 402 788 destinam
411 727 451 804 ⁸).

257 827 298 891 lie
313 827 445 892 numeris
467 845 570 892 versus
589 827 678 910 primi
696 827 728 892 iu
747 827 888 894 creticum
910 837 978 910 post
992 826 1155 911 spondeum
1172 825 1335 890 desinentis

171 948 264 1012 mum
279 931 316 992 ab
331 931 501 994 Hermanno
514 931 638 1012 aliisque
651 930 833 1012 disputatum
847 931 895 1002 sit,
911 930 983 992 nibil
1002 947 1082 994 nunc
1102 929 1159 992 dici
1181 947 1256 1011 opus
1276 937 1333 992 est.

171 1031 234 1096 lieo
247 1049 341 1096 unum
356 1039 490 1114 tangam
512 1033 592 1113 quod
612 1033 799 1096 normannus
824 1031 1083 1114 transpositionem
1109 1031 1267 1094 uerborum
1294 1029 1332 1092 ad

172 1133 362 1214 corrigendos
380 1151 522 1196 numeros
542 1133 580 1196 sb
599 1134 738 1198 Eimsleio
763 1133 1013 1208 commendatam,
1033 1122 1154 1208 Ἄτλας
1176 1121 1196 1192 ri
1219 1123 1335 1205 νώτοις

170 1229 364 1314 potetatem
390 1226 542 1317 οὐρανόν,
576 1243 698 1318 propter
722 1235 921 1318 postpositum
944 1233 1129 1298 substantivo
1159 1232 1334 1296 adiectirurn

173 1335 330 1419 improbat,
345 1353 407 1399 non
420 1336 492 1400 satis
507 1337 690 1401 considerate
705 1338 777 1401 mibi
792 1337 902 1401 iactum
919 1335 1019 1400 rideri.
1062 1336 1163 1399 Potuit
1177 1335 1257 1397 onina
1271 1335 1335 1397 sine

174 1438 264 1502 dubio
284 1438 394 1520 pariter
412 1439 524 1502 utrovis
544 1439 635 1504 modo
660 1440 726 1504 dici.
771 1441 846 1504 Nam
872 1439 1049 1502 sententiam
1068 1438 1105 1502 sb
1126 1439 1233 1500 codem
1258 1437 1334 1500 iier·

13 1585 14 1602 ,
93 1593 95 1597 .
174 1556 285 1602 manne
304 1539 373 1602 aiibi
393 1539 590 1622 propositam,
613 1559 705 1624 quum
720 1543 861 1624 anteponi
876 1539 1049 1604 adiectitum
1064 1538 1198 1614 ruit,ubi
1212 1538 1335 1622 opposi-

174 1641 258 1714 tioni,
273 1640 412 1723 postponi
433 1651 547 1715 sutem,
574 1641 625 1706 ubi
651 1644 787 1726 ampliori
806 1643 996 1723 descriptioni
1018 1643 1170 1716 inserviat,
1192 1641 1335 1724 exemptis

174 1742 402 1825 haudquaquam
418 1743 604 1825 comprobari
620 1745 737 1807 Geeiius
751 1745 963 1808 domonstravit
977 1745 1014 1807 sd
1028 1745 1099 1808 Eur.
1110 1743 1221 1807 i’besn.
1233 1761 1260 1804 u.
1271 1741 1335 1804 eat

174 1863 203 1926 p.
223 1843 293 1906 tut.
338 1843 482 1926 Equidem
497 1845 567 1908 illud
582 1847 680 1929 potius
691 1845 749 1909 dici
764 1845 900 1908 debuisse
914 1845 1051 1920 arbitror,
1065 1845 1205 1927 anteponi
1215 1843 1336 1908 adiecti·

175 1963 245 2008 sum
266 1945 360 2009 sotere
382 1944 433 2009 ubi
452 1948 616 2011 secuntias
635 1955 752 2010 butum
771 1947 953 2010 definiendae
972 1947 1145 2010 substantivi
1159 1945 1275 2008 notioni
1289 1945 1338 2008 in·

173 2047 290 2122 serviat,
305 2045 443 2130 postponi
457 2054 556 2110 autem
571 2047 623 2110 ubi
637 2050 681 2109 vis
696 2049 758 2111 eius
773 2049 809 2111 sd
825 2049 1024 2131 praedicatum
1035 2047 1255 2129 quodammodo
1268 2063 1338 2128 per-

173 2149 265 2212 tinent
283 2157 314 2212 et
335 2149 418 2228 quasi
439 2147 564 2212 causatis
585 2157 637 2212 sut
651 2149 854 2213 conditionalis
869 2159 921 2214 aut
936 2149 1024 2212 etiam
1042 2147 1227 2212 concessivae
1241 2163 1339 2210 enun-

99 2263 101 2268 ‘
174 2249 305 2312 tiationis
331 2249 425 2312 instar
450 2247 552 2312 baberi
577 2250 689 2332 possit,
715 2251 795 2314 reiut
819 2249 878 2314 boc
903 2250 967 2314 loco
992 2249 1018 2312 si
1043 2249 1122 2312 dicas
1142 2243 1259 2324 νώτοις
1280 2240 1340 2310 diss

173 2344 327 2430 χαλκίοις
349 2336 435 2414 οὖσι.
479 2349 588 2412 Verum
608 2359 709 2414 tamen
729 2369 767 2414 ne
787 2351 864 2416 banc
882 2351 1002 2433 quidem
1024 2351 1119 2434 legem
1139 2351 1249 2431 ubique
1268 2349 1339 2413 reii-

174 2453 255 2535 qiose
270 2471 286 2516 a
301 2451 397 2534 poetis
413 2451 597 2516 observatam
613 2471 678 2516 esse
692 2453 844 2517 fatendum
859 2461 914 2516 est.

261 2555 303 2618 lie
317 2557 407 2619 verbo
422 2547 594 2638 ἐκτρίβειν,
617 2575 677 2638 quo
696 2575 785 2620 sensu
807 2556 949 2621 hocloco
969 2555 1171 2638 accipiendum
1197 2555 1251 2629 sit,
1277 2570 1339 2618 non

175 2657 366 2722 consentiunt
379 2659 564 2742 interpretes.
596 2659 671 2722 Nam
687 2659 837 2722 Sanderus
852 2660 971 2742 quidem
982 2659 1011 2738 ²)
1026 2657 1253 2740 praepositionis
1264 2657 1341 2719 banc

175 2759 235 2823 sim
249 2779 315 2824 esse
329 2759 400 2834 vonit,
421 2767 455 2824 ut
474 2760 589 2824 dicatur
608 2761 689 2824 Atlas
708 2761 826 2826 coelum
848 2761 973 2825 terendo
987 2769 1093 2823 aterna
1108 2759 1248 2823 distinere
1269 2764 1341 2838 (ees

175 2862 229 2925 der
242 2861 320 2925 lirde
334 2861 495 2944 espreum
508 2863 570 2926 send
584 2865 711 2944 estserrst
725 2863 853 2946 dultm);
869 2865 899 2927 in
914 2881 985 2946 quo,
1001 2863 1068 2926 licet
1077 2862 1114 2926 de
1125 2861 1342 2944 praepositione

122 3037 127 3048 ¹
175 2964 303 3039 ialiatur,
319 2965 377 3029 boc
390 2974 492 3029 tamen
507 2975 586 3029 certe
601 2965 797 3049 probandum,
813 2967 893 3050 quod
908 2967 966 3048 ipsi
981 2967 1070 3029 verbo
1084 2959 1212 3050 τρίβειν
1229 2963 1341 3047 signib-

175 3067 322 3132 cationem
337 3085 422 3133 susm
437 3069 564 3150 reliquit.
609 3069 667 3132 Sed
681 3069 759 3134 banc
772 3089 891 3153 quoque
903 3087 1037 3152 nuperus
1050 3068 1196 3150 interpres
1210 3067 1342 3130 liertuu·

178 3189 233 3252 qus
248 3171 285 3234 ab
299 3171 357 3235 boc
370 3171 482 3254 pariter
494 3178 611 3253 atquea
625 3171 716 3236 latino
731 3173 821 3237 verbo
841 3184 920 3238 tero
939 3171 1123 3236 abiudicavit.
1167 3171 1239 3234 Esse
1261 3169 1342 3233 enirn

176 3263 304 3354 τρίβειν
316 3281 348 3336 et
361 3281 486 3337 terere
496 3291 559 3337 non
573 3275 654 3356 quod
669 3293 724 3338 nos
740 3275 894 3340 remaeuie
914 3275 1040 3338 dicinms
1060 3273 1178 3346 reibess,
1199 3272 1252 3335 sed
1272 3273 1343 3338 iilud

176 3371 286 3453 potius,
302 3373 382 3453 quod
397 3373 523 3438 dicimus
540 3375 651 3456 serires
671 3377 738 3456 (eet
759 3395 879 3450 manu,
900 3377 997 3450 addit,
1027 3375 1083 3437 nei
1098 3375 1134 3436 in
1155 3379 1343 3456 corpore.)

176 3473 302 3554 ideoque
316 3473 406 3537 etiam
422 3477 516 3538 multo
531 3492 586 3538 usu
603 3493 790 3552 consumere,
805 3475 898 3539 derret
917 3475 1100 3557 uietsdits'pee
1114 3475 1266 3538 detrusti
1287 3475 1343 3538 ab·

175 3573 295 3654 sstdrcsc
340 3575 484 3658 Equidem
505 3593 561 3640 uec
579 3576 649 3657 quid
671 3575 728 3640 boc
749 3577 803 3652 sit,
825 3587 855 3640 et
875 3578 997 3658 quinam
1018 3576 1096 3639 inter
1110 3577 1273 3638 Germanos
1292 3577 1343 3639 illo

177 3675 267 3740 verbo
282 3677 428 3758 ubsddrcrs
441 3675 484 3741 sic
496 3685 629 3750 utantur,
644 3695 693 3741 me
707 3695 796 3742 nosse
811 3679 965 3762 profiteor,
986 3695 1084 3759 neque
1104 3679 1141 3739 de
1160 3695 1229 3740 vers
1242 3695 1278 3740 ac
1291 3696 1344 3759 ge·

177 3777 268 3844 nuina
283 3778 495 3861 signissutions
509 3779 668 3843 verborum
679 3778 781 3863 τρίβω
792 3787 824 3843 et
834 3789 915 3843 tero
926 3797 944 3842 s
955 3797 1105 3861 quoquam
1117 3777 1244 3842 dubitari
1255 3796 1344 3862 posse

177 3879 305 3957 conlido,
320 3881 372 3963 qui
386 3881 477 3945 modo
491 3882 625 3964 exempla
639 3899 745 3946 eorum
759 3881 790 3945 in
805 3881 904 3946 lexicis
915 3890 1053 3964 congesta
1064 3881 1165 3964 paullo
1175 3880 1345 3962 dibqentius

247 4157 274 4222 6)
291 4155 360 4210 usse
371 4153 462 4224 colligi
473 4163 581 4222 possen
590 4170 623 4209 ex
632 4155 707 4210 uvtt.
722 4154 826 4210 biotam
845 4157 869 4221 i,
881 4155 931 4208 169
946 4171 1001 4224 sqs.
1017 4153 1078 4209 coil.
1094 4153 1209 4210 biscrob.
1221 4155 1248 4210 is
1260 4155 1346 4211 Sans.

178 4241 247 4310 sep.
262 4241 285 4312 i,
299 4241 339 4297 ta
351 4237 736 4309 potusustentante.
749 4240 992 4296 Vesusebsdcrtt
1004 4239 1134 4309 tipice.
1281 4249 1284 4255 ’

247 4318 274 4393 ί)
292 4326 409 4396 ΒνίίτΙρτ
425 4341 474 4381 ser
487 4325 634 4396 iirbiirssg
648 4327 695 4381 des
711 4327 850 4396 &pboeiss
864 4327 915 4380 ssd
930 4325 1075 4395 Euripides.
1110 4327 1267 4382 mune·
1280 4329 1346 4382 idat

178 4413 301 4482 pst-q.
