3186 4958
806 417 956 518 22}-

295 603 392 668 locum
417 602 562 668 adverbiis
580 603 801 687 assignaverint,
825 625 842 670 a
865 607 947 671 nullo
970 607 1078 672 diserte
1093 607 1235 672 traditum
1251 616 1305 672 est.
1335 607 1465 692 Apparet

294 717 393 772 autem
414 708 501 772 istam
522 707 665 773 rationem
688 710 725 773 ab
740 709 776 774 iis
792 718 906 775 tantum
922 711 1059 794 usurpari
1080 711 1224 794 potuisse,
1244 711 1295 795 qui
1311 706 1465 796 ῥημάτων

293 810 446 875 notionem
466 811 551 877 alitor
570 831 659 896 quam
679 822 730 878 aut
748 814 920 878 Aristoteles
940 823 990 878 sut
1009 815 1192 898 grammatici
1214 815 1271 879 lroc
1287 815 1465 898 posteriores

293 914 458 980 definirent.
480 917 522 981 Αο
536 917 573 982 do
587 917 787 1001 grammaticis
800 917 931 1000 quidem,
946 937 1074 1001 quorum
1087 918 1273 982 delinitiones
1285 927 1372 984 notae
1383 927 1465 994 sunt,

293 1019 389 1084 dicore
405 1021 542 1086 hocloco
558 1041 618 1087 non
633 1043 709 1108 opus
723 1033 783 1100 esta
805 1022 978 1088 Aristoteles
992 1031 1103 1096 autern,
1124 1041 1216 1106 quum
1234 1018 1379 1109 ῥήματος
1393 1041 1466 1106 pro-

293 1124 390 1208 prium
406 1145 472 1189 esse
486 1126 567 1202 dicit,
588 1137 622 1192 ut
638 1136 757 1210 tempus
778 1128 958 1210 adsignillcet
969 1129 1008 1207 ⁴),
1035 1127 1205 1191 adverbium
1227 1127 1264 1192 ab
1277 1147 1314 1190 co
1329 1127 1466 1192 excludit

293 1226 368 1292 Nam
387 1229 455 1292 licet
472 1229 532 1293 sint
553 1231 584 1294 in
603 1231 650 1294 his
671 1232 822 1307 nonnulla,
845 1223 924 1314 quae'
936 1239 1055 1314 tempus
1070 1231 1244 1312 significent,
1267 1239 1369 1295 tamen
1385 1231 1467 1296 aliud

295 1332 1467 1418 estsigniiicare,aliudadsignificare,prorsusquedivcrsigenerisliano

294 1435 499 1499 adverbiorum
520 1438 662 1519 temporis
682 1437 925 1520 significationem
948 1437 985 1500 nb
1005 1457 1049 1512 ea,
1070 1457 1145 1519 quae
1166 1435 1262 1502 verbis
1277 1438 1396 1520 propria
1411 1445 1467 1512 est,

295 1537 543 1620 adsignillcatione
558 1539 701 1623 temporis
716 1559 780 1604 esse
795 1542 945 1604 neminem
960 1541 1043 1624 lugit.
1067 1541 1152 1615 Quod
1165 1559 1257 1624 quum
1275 1547 1336 1605 tres
1350 1551 1467 1604 tantum

294 1651 346 1705 sut
365 1641 491 1705 tortasse
510 1643 690 1723 quattuoril
717 1649 816 1725 rrartes
836 1643 1009 1708 Aristoteles
1029 1643 1204 1718 distinxerit,
1232 1633 1343 1725 ὄνομα,
1367 1643 1469 1727 ῥῆμα,

296 1735 477 1826 σύνδεσμον
498 1735 663 1828 (ἄρθρον),
686 1763 784 1829 noque
805 1746 835 1810 in
863 1741 1059 1828 συνδέσμοις
1086 1756 1137 1810 aut
1164 1737 1308 1828 ἄρθροις
1329 1744 1466 1808 adverbia

296 1847 445 1910 numerari
460 1848 621 1930 potuerint,
642 1849 673 1911 in
696 1849 867 1912 nominibus
890 1849 924 1912 iis
939 1849 1038 1912 locum
1061 1847 1269 1931 assignandum
1285 1847 1378 1910 luisse
1395 1863 1468 1910 con·

296 1947 445 2028 sequitur:
468 1957 498 2010 ot
512 1949 654 2012 nonnullo
673 1957 753 2014 certo
768 1950 905 2013 adverbia
921 1951 957 2012 ab
972 1952 1127 2014 Aristotele
1143 1941 1292 2031 δνόμοτο
1307 1957 1358 2012 aut
1374 1943 1467 2011 τττιδ·

297 2063 367 2124 στος
388 2041 561 2129 ὀνομάτων
581 2051 638 2116 dici
653 2051 788 2115 videmus
804 2051 834 2114 in
848 2051 951 2134 Topio.
967 2051 1013 2126 Vl,
1035 2053 1089 2114 to:
1113 2043 1143 2114 si
1168 2047 1235 2114 cciv
1260 2041 1384 2130 ὁμοίιον
1405 2048 1469 2112 aovi

298 2139 461 2230 δνδμοιος
482 2151 642 2216 πτώσεων
664 2144 700 2216 ui
723 2145 841 2234 ὅμοιοι
862 2148 922 2215 τοῦ
943 2147 1044 2234 λόγου
1066 2145 1213 2228 melosae
1235 2143 1464 2237 ἐφαρμόττον·
1572 2179 1574 2183 ·

298 2266 362 2325 συν,
377 2237 450 2318 οἷον
470 2245 501 2316 si
523 2245 693 2340 ω’(μδλτμον
711 2250 750 2316 rvi
767 2249 947 2339 ποτηττνδν
960 2246 1094 2336 ι’·γιείος,
1117 2245 1296 2338 ω’φςλδμως
1311 2249 1350 2316 cvi
1365 2271 1469 2336 ποιη-

297 2351 397 2432 τικῶς
418 2347 545 2437 δμοίως
557 2357 596 2436 ⁴¹).
627 2355 729 2438 Neque
749 2355 833 2418 aliter
852 2357 1032 2420 recentiores
1048 2355 1256 2437 Peripateticos
1272 2355 1308 2418 de
1323 2353 1468 2418 adverbiis

296 2458 435 2522 statuisse
456 2459 569 2542 aliquot
588 2459 766 2522 testimoniis
786 2457 1027 2542 eognovimusll.
1063 2457 1103 2518 lle
1118 2458 1183 2540 ipso
1197 2463 1297 2520 sutem
1313 2453 1469 2518 Aristotele

365 2625 391 2688 tl
409 2627 446 2679 lis
469 2627 578 2694 interpr.
595 2643 618 2679 ο.
635 2629 664 2680 d:
685 2625 761 2697 ῥῆμα
780 2625 815 2679 dd
829 2625 889 2680 durs
904 2623 938 2680 τδ
956 2627 1175 2695 πηοσσημοΐνον
1187 2619 1309 2694 χρόνον,
1330 2607 1364 2676 οὗ
1379 2621 1470 2693 μέρος

285 2755 287 2760 .
299 2703 384 2762 uvidis
395 2715 525 2781 σημαίνω
534 2714 632 2782 χωρίς,
644 2713 690 2762 aral
703 2707 780 2764 ἴστον
789 2707 832 2764 risl
845 2713 902 2763 τοῖν
914 2705 979 2762 aad'
993 2708 1090 2779 lsdnou
1101 2709 1263 2778 λεγομένων
1275 2710 1401 2777 σημεῖον.

365 2795 390 2860 5)
411 2795 598 2848 llobitstioneov
615 2797 695 2848 movit
712 2796 784 2848 loeus
802 2796 834 2848 dc
851 2805 900 2848 srt.
919 2803 986 2862 poet.
1004 2811 1026 2846 c.
1041 2795 1082 2856 20,
1095 2794 1136 2844 ubi
1150 2800 1253 2858 praetor
1264 2787 1376 2864 ἄρθρον
1388 2792 1465 2844 etism

300 2873 460 2951 σύνδεσμος
472 2882 623 2946 coavinstvrr,
635 2883 666 2934 de
679 2897 728 2948 quo
741 2881 828 2933 vsriss
842 2881 1008 2947 interpretum
1021 2879 1160 2932 sententias
1174 2877 1272 2930 rslsrrs
1285 2876 1386 2943 longum
1398 2885 1424 2930 st
1436 2877 1467 2929 sb

300 2965 345 3018 soe
357 2964 413 3018 loco
426 2968 535 3020 alienum
549 2975 597 3021 ττι.
621 2967 683 3020 ltili
696 2967 793 3036 quidam
806 2983 855 3018 sao
868 2963 1032 3034 improbabile
1045 2963 1148 3014 videtur
1156 2959 1331 3027 Aristotelem,
1345 2961 1405 3015 lieet
1417 2980 1467 3014 uno

300 3051 465 3120 συνδέσμων
478 3054 577 3106 somine
589 3053 790 3105 coniunctionem
803 3059 830 3104 ct
842 3051 976 3104 articulum
987 3047 1213 3114 comprehenderit,
1225 3047 1375 3100 distinxisse
1385 3055 1467 3100 tamen

298 3135 386 3188 boroso
398 3139 448 3190 dus
460 3153 562 3203 gescrs,
575 3137 683 3190 slteroxn
696 3135 854 3201 decliosbile‚
866 3133 899 3188 τὸ
913 3129 1032 3204 ἄρθρον,
1043 3131 1152 3184 slterurn
1165 3131 1352 3196 indeclinabile,
1364 3133 1406 3183 sul
1418 3147 1468 3182 non

299 3218 367 3274 siisd
385 3237 457 3290 quaxn
477 3223 540 3276 illud
554 3239 685 3276 οοιττσοοο
698 3238 788 3275 comen
800 3229 866 3274 erst.
889 3219 973 3272 Etisrn
986 3219 1011 3270 in
1025 3217 1169 3270 lllvotoricis
1182 3217 1221 3278 iis,
1234 3231 1297 3284 quse
1309 3233 1324 3268 s
1337 3217 1465 3284 plerisque

299 3322 364 3360 susc
376 3308 529 3360 nosstneet
541 3309 699 3375 trituustsr,
713 3303 809 3378 δηθμο
819 3307 892 3359 iuxta
905 3303 1081 3373 συνδέσμους
1092 3308 1321 3355 commemorantur
1333 3316 1355 3354 ο.
1369 3303 1411 3354 25.

367 3395 393 3458 u)
411 3391 449 3447 Cl.
459 3395 573 3462 simplic.
586 3395 617 3447 sd
627 3394 707 3448 Arist.
719 3403 802 3460 cates.
815 3409 839 3462 η.
851 3393 884 3444 dl
896 3407 911 3443 s
924 3391 957 3443 tt
969 3389 1071 3443 fironda
1085 3385 1211 3446 Πτιδσετσ
1223 3385 1279 3460 γὰρ
1291 3386 1349 3440 τῶν
1360 3381 1468 3456 ὄνομδ-

300 3494 355 3534 ττνν
366 3479 397 3534 οἱ
407 3481 526 3534 astarot
538 3475 657 3534 dasiloos
668 3473 702 3534 osi
713 3475 806 3550 μόνον
817 3475 868 3538 τὰς
880 3477 964 3530 atara
976 3471 1078 3534 τούτοις
1088 3472 1140 3534 adr
1150 3475 1204 3529 νῦν
1215 3475 1380 3544 λεγομένοις,
1395 3468 1465 3526 dus

298 3565 344 3619 ssi
356 3561 406 3626 viss
417 3568 625 3640 πορμττςτμδνος
636 3566 780 3638 dretturer,
792 3593 827 3606 -·
838 3593 872 3606 -
884 3557 956 3618 dtas
967 3563 1014 3616 sal
1028 3559 1077 3621 τὰς
1095 3561 1146 3615 νῦν
1159 3560 1332 3632 καλουμένας
1343 3553 1466 3629 μεσότη-

298 3667 347 3714 τος
362 3649 484 3715 arsisses
504 3649 630 3721 issilouv‚
650 3645 715 3708 edos
733 3650 784 3722 τὴν
799 3648 860 3707 viad
877 3651 928 3706 τοῦ
939 3644 1074 3722 circinatae
1085 3649 1196 3702 assises
1207 3645 1257 3716 τὴν
1269 3642 1407 3716 ἀνδρείως
1418 3644 1465 3698 sai

298 3735 357 3794 sind
378 3741 430 3796 vovi
451 3741 541 3796 salaai
562 3739 613 3810 siv
632 3741 731 3802 salsis.
775 3739 813 3793 lis
833 3737 934 3794 conisa
953 3731 1110 3809 μεσότητος
1124 3733 1258 3789 'sdvsrbiis
1279 3733 1377 3788 tributa
1396 3729 1463 3786 isira

297 3823 417 3881 dlcssxss.

367 3911 393 3978 'll
410 3913 469 3968 Vid.
482 3913 569 3968 llostlr.
581 3914 674 3968 lotrad.
690 3913 722 3966 sd
739 3911 833 3984 syllos.
845 3927 872 3980 p.
886 3909 937 3964 out
949 3909 989 3963 sd.
1002 3909 1072 3962 lissa
1085 3907 1233 3975 Philosoplsl
1245 3933 1280 3948 -
1291 3903 1413 3959 sdvcrlvis
1425 3919 1472 3956 no·

303 3997 409 4052 nisibus
421 4000 538 4068 iussustr
551 4002 606 4054 slas
617 4009 731 4068 tessare
742 4001 808 4054 enisa
820 3997 938 4067 quiddam
951 3997 1116 4049 sossvlvosou
1129 3994 1309 4062 dsllsltunqss
1320 3990 1472 4060 signillcsnt,

303 4097 348 4136 sse
360 4085 468 4139 interest
479 4087 545 4155 quod
558 4089 626 4141 dsetl
638 4087 740 4142 essibus
753 4093 891 4156 scqucsstr
903 4101 952 4136 sos
965 4084 1031 4136 enisa
1043 4083 1092 4135 hoo
1103 4081 1230 4135 souisusx
1242 4079 1381 4149 proprisos.
1393 4084 1422 4128 ut
1430 4091 1473 4128 ss-

303 4169 374 4222 sibus
386 4173 530 4226 testastur.
555 4173 670 4226 Αττιτοο.
688 4173 720 4226 sd
733 4171 816 4226 Arist.
827 4171 859 4224 ds
871 4171 980 4236 istsrpr.
992 4169 1017 4222 d.
1028 4169 1062 4222 tt
1074 4184 1090 4220 s
1102 4167 1150 4221 dds
1162 4169 1203 4236 τηῖ
1213 4162 1274 4220 dxiv
1285 4159 1474 4235 τῆςἍφοοδτ-

303 4249 405 4314 “tides
415 4251 533 4330 ἐξηγητῇ
544 4255 712 4326 (ΑΙσιοοδτο)
724 4255 807 4311 δονεῖ
815 4255 862 4308 ast
875 4253 909 4307 sd
919 4249 1098 4326 δνττρρὴμοτο
1108 4249 1235 4325 δνδμοςτ
1248 4243 1475 4318 ἀνιμηθέντος

302 4338 348 4392 ssi
363 4335 414 4401 τδς
429 4335 609 4414 deauraretur
623 4343 671 4398 ssi
686 4339 737 4410 svis
753 4339 930 4414 τελουμένην
941 4335 1019 4414 usos*
1032 4341 1094 4401 τοῖς
1103 4339 1315 4414 recuperandis
1326 4345 1475 4407 ποοσηγο·

303 4425 377 4496 μίαν.
414 4429 416 4434 ’
