3186 4968
821 431 881 496 tot
972 527 978 538 ¹

351 621 385 684 lu
405 621 501 707 epodo
522 623 625 687 tertiae
644 624 785 708 strophae
806 623 920 687 stasimi
934 621 1056 687 seeuntli
1070 641 1098 685 r.
1114 623 1172 687 «tet
1192 623 1264 688 ltaec
1279 625 1429 709 leguntur:

466 719 576 789 Πύλον
598 720 707 813 διήκει
729 723 800 791 iioci

467 822 575 910 βάξις,
598 822 629 894 εἶ
651 823 684 893 ‹t’
707 825 874 913 ἐτητύμως

468 933 518 1008 τίς
539 919 631 997 olrice
652 924 674 1018 ἤ
694 953 750 998 τοι
772 929 868 996 θεῖόν
889 925 961 997 ἐστι
983 927 1028 1016 μη
1053 925 1187 1018 altilem

170 1069 176 1080 ·
262 1032 441 1096 severtium
462 1025 643 1119 ἐτητύμως,
664 1037 743 1118 quael
765 1035 794 1098 in
816 1037 872 1100 ltec
887 1035 1006 1118 quidem
1022 1035 1180 1098 verborum
1197 1043 1345 1102 structura
1361 1037 1431 1102 terri

263 1152 327 1197 non
348 1155 437 1219 pesse
457 1147 594 1220 apparet,
615 1140 724 1202 llttrato
746 1147 906 1220 praeeunte
922 1137 951 1200 in
966 1137 1142 1200 mlieetieum
1158 1129 1318 1221 ἐτήτυμος
1334 1149 1432 1204 muta·

261 1243 346 1312 tum,
368 1257 403 1301 ac
421 1238 527 1302 deinde
548 1260 602 1322 pro
623 1229 731 1324 ἤτοι,
758 1241 827 1304 item
849 1258 911 1303 nen
931 1239 1068 1314 terentio,
1094 1257 1111 1301 a
1132 1239 1279 1322 plerisque
1300 1232 1320 1326 ἥ
1340 1263 1389 1318 τι,
1416 1263 1432 1305 ο

264 1339 490 1406 Schneidewine
510 1332 578 1406 εἴτε
598 1341 740 1426 scriptum
761 1351 818 1416 est,
841 1351 874 1408 ut
893 1350 1041 1406 structura
1061 1342 1199 1404 eraderet
1218 1342 1305 1405 leaeo:
1326 1345 1377 1420 τίς
1399 1337 1433 1408 δ’

264 1429 366 1520 oleion,
389 1434 420 1507 el
442 1437 613 1528 ἐτύτομος,
636 1433 660 1529 ἢ
682 1451 745 1522 (aut
768 1436 848 1520 εἴτε)
871 1438 919 1529 μη’
941 1465 975 1508 τι
997 1444 1095 1507 θεῖον
1118 1439 1233 1530 ψύθος
1254 1437 1335 1509 ἐστι’.
1367 1447 1433 1511 l‘la·

176 1593 178 1598 ,
263 1565 331 1610 ecre
345 1546 405 1608 hoo
418 1545 454 1609 iis
470 1555 586 1611 tantum
604 1549 715 1632 potuit,
737 1548 788 1630 qui
804 1567 941 1632 perversa
956 1547 1149 1610 collocatione
1164 1548 1327 1628 negationis
1342 1543 1389 1634 μή
1404 1550 1433 1612 in

263 1647 399 1732 Aeschyli
414 1649 545 1714 versibus
561 1669 621 1714 non
639 1652 874 1715 otl'emtorentur:
897 1651 946 1732 qui
962 1659 1062 1714 autem
1077 1649 1254 1732 Aeschylum
1271 1652 1358 1714 eerlm
1373 1671 1434 1716 non

263 1771 401 1840 perverso
415 1754 468 1818 scel
483 1762 563 1820 recte
578 1763 667 1838 atque
683 1756 786 1819 ordine
802 1755 959 1818 collocasse
974 1762 1106 1829 censent,
1122 1754 1153 1817 hi
1167 1771 1235 1816 eunt
1250 1749 1297 1838 μή
1312 1755 1356 1819 sie
1366 1765 1434 1819 onte

262 1849 382 1940 ψύθος
401 1875 463 1920 uon
482 1858 650 1942 positurum
667 1858 759 1922 ieisso
774 1858 949 1939 intelligent,
970 1857 1025 1920 nisi
1040 1855 1130 1920 etiam
1145 1857 1204 1919 vim
1220 1859 1382 1939 negationis
1398 1860 1434 1923 aet

265 1959 322 2022 hec
342 1959 516 2024 cambarium
537 1962 684 2045 pertinere
700 1961 822 2044 eiusque
836 1959 1079 2043 significationem
1095 1959 1196 2023 tollere
1211 1971 1301 2040 atque
1316 1959 1346 2022 in
1362 1979 1434 2025 con-

263 2061 388 2124 trarium
413 2071 585 2126 convertere
612 2064 705 2127 uellet
744 2058 807 2148 Mp'
830 2057 947 2147 ψύθος
966 2069 1066 2124 autem
1088 2061 1158 2144 quid
1179 2067 1224 2124 est
1244 2061 1321 2125 aliuel
1345 2081 1434 2145 quam

264 2155 447 2248 ἐτύτομονῗ
468 2165 587 2230 lieeties
606 2166 695 2248 igiter
714 2151 813 2230 iocum
834 2185 849 2228 a
872 2185 920 2228 me
935 2165 1125 2228 emendatum
1141 2183 1207 2228 esse
1223 2173 1294 2248 pute
1310 2164 1340 2228 in
1356 2167 1436 2230 leuno

264 2265 405 2330 medum:
430 2257 470 2332 ού
491 2259 526 2330 tl’
547 2262 714 2355 ἐτητύμως
736 2289 787 2342 τις
809 2253 909 2342 olrice,
932 2257 953 2353 η’
973 2287 1007 2330 τι
1030 2259 1129 2330 θεῖόν
1151 2259 1250 2344 ἐστιν,
1275 2257 1433 2352 lutilos.

263 2367 339 2432 Nam
360 2361 528 2453 ἐτητύμως
543 2363 667 2435 εἰδέναι
683 2371 755 2454 quin
770 2379 850 2434 reete
866 2370 996 2444 dicatur,
1017 2387 1106 2432 neme
1121 2368 1280 2454 dubitabit,
1303 2370 1435 2452 dixitque

262 2470 305 2536 sio
320 2472 483 2554 Aeschylus
498 2473 587 2536 otiam
603 2475 721 2538 iniret.
742 2473 838 2536 1297:
855 2463 885 2536 el
908 2461 941 2534 δ’
964 2463 1131 2555 ἐτητύμως
1143 2465 1245 2555 μόρον
1259 2467 1319 2534 τὸν
1334 2465 1436 2558 eicie

263 2561 381 2638 alala.
412 2575 505 2638 Porro
527 2567 566 2640 ού
586 2577 615 2638 iu
635 2569 665 2640 ei
685 2596 774 2659 (poam
797 2575 879 2639 iacilc
900 2574 1051 2657 corrumpi
1068 2575 1199 2655 patuerit
1220 2585 1356 2656 apertum
1372 2587 1434 2654 eet3

263 2669 356 2742 ἐστὶν
369 2666 392 2763 ἤ
406 2695 460 2761 pro
476 2671 549 2742 ἐστὶ
563 2671 611 2763 μή
625 2681 713 2743 unius
729 2680 857 2751 litterae,
881 2695 967 2760 apro
982 2697 1022 2758 μ,
1044 2677 1207 2740 mutatione
1224 2687 1356 2751 constat,
1378 2699 1435 2762 quo

263 2781 480 2865 permutatione
509 2781 582 2845 niltil
612 2783 795 2866 frequentius
821 2791 883 2858 est;
919 2781 1047 2862 donique
1073 2769 1197 2866 ἢ--ἤ
1227 2800 1281 2864 pro
1309 2789 1433 2846 utrum

263 2902 372 2959 —an‚
387 2893 421 2948 ut
435 2885 513 2970 apuel
530 2885 693 2950 liemarum
711 2887 849 2968 frequens
864 2892 919 2956 est,
934 2883 977 2947 sic
991 2884 1081 2946 etiam
1097 2883 1251 2964 stragieise
1267 2885 1296 2946 in
1309 2885 1434 2949 choricis

263 2987 447 3072 praesertim,
459 3006 519 3051 non
530 2988 657 3051 alionum
671 3009 746 3062 esse,
759 2988 825 3050 licet
836 2988 1023 3050 llermannus
1035 2987 1222 3068 obloquatur,
1236 2987 1307 3050 setis
1319 2997 1433 3051 certum

186 3137 188 3140 -
264 3099 320 3154 cst
350 3090 453 3172 Neque
469 3090 497 3154 iel
513 3093 626 3172 negavit
642 3091 892 3162 Selmeitietrinus,
907 3109 1001 3172 quum
1016 3089 1255 3153 emendationem
1273 3109 1368 3152 meam
1385 3109 1434 3153 ro-

265 3191 361 3256 lutare
375 3193 525 3268 studeret,
539 3193 591 3257 scel
608 3202 723 3258 tantum
740 3193 835 3258 osteo
849 3193 953 3274 utique
970 3211 1037 3256 carn
1054 3184 1169 3276 ψύθος
1183 3191 1432 3274 coniungentium,

266 3311 344 3370 uon,
365 3303 400 3359 ut
420 3316 474 3378 ego
494 3297 587 3372 volui,
610 3297 636 3359 ei
651 3296 862 3380 oppeuomlum
884 3295 975 3358 luisse
991 3293 1152 3357 eontenelit.
1182 3295 1331 3358 Numnam
1348 3295 1436 3377 igitur

265 3390 300 3460 ri
319 3397 418 3462 θεῖον
438 3398 550 3482 absque
570 3400 752 3464 substantive
772 3399 827 3461 elici
846 3398 977 3484 potuisse
992 3395 1140 3480 negabat?
1162 3398 1192 3458 te
1209 3399 1329 3478 quidem
1345 3403 1433 3461 neme

268 3497 378 3564 cretlct.
415 3503 461 3564 tin
487 3521 595 3567 tanum
617 3503 716 3589 petius
739 3521 827 3584 quam
849 3520 951 3564 verum
972 3519 1125 3564 rumorem
1147 3499 1183 3563 etl
1204 3499 1276 3564 eleos
1298 3509 1434 3565 auctores

266 3605 455 3670 roierornium
467 3605 559 3672 luisse
571 3603 769 3694 opinabatur?
789 3605 883 3670 lluius
895 3603 1043 3688 opinionis
1054 3621 1144 3688 quam
1157 3623 1275 3669 eausam
1289 3605 1433 3679 innituerit,

266 3708 313 3774 olii
333 3709 467 3776 sitierint.
497 3711 641 3796 Equidem
662 3713 733 3777 cetis
754 3711 847 3776 haime
863 3703 1089 3774 llometieeru'm
1105 3709 1218 3790 aliquot
1233 3711 1365 3774 locorum
1381 3709 1433 3774 ael-

268 3815 433 3888 monuissc,
452 3815 488 3880 ee
508 3806 608 3903 ὅσσᾳ,
632 3817 707 3880 ieris
728 3817 819 3880 missu
840 3831 901 3878 non
922 3813 994 3877 laisa
1014 3813 1066 3878 sed
1088 3831 1154 3876 vera
1169 3813 1340 3878 hominibus
1355 3832 1434 3878 nun·

267 3915 367 3992 tiente,
383 3917 466 3994 tt.1t‚
483 3917 534 3982 93.
550 3919 605 3982 Oai.
621 3919 643 3995 l,
659 3919 732 3984 282.
748 3918 784 3991 ll,
800 3918 873 3980 216.
885 3916 986 3990 xxiv,
1002 3915 1075 3980 213.
1102 3916 1150 3980 Sic
1161 3916 1238 3998 aperi
1252 3915 1432 3980 lleroelotum

269 4039 386 4106 quoque
402 4021 463 4098 l'll,
482 4021 520 4086 16
535 4041 610 4088 sarto
626 4023 744 4088 sorttnie
760 4021 920 4106 opponitur
935 4020 1019 4096 illutl,
1036 4019 1067 4083 in
1082 4039 1141 4102 quo
1156 4019 1265 4104 aliquiel
1281 4019 1370 4084 (livini
1384 4019 1433 4095 sit,

267 4117 301 4190 ri
315 4125 375 4190 τοῦ
390 4118 488 4191 trine
502 4118 647 4209 μετέχον.
676 4125 792 4192 Fallunt
807 4123 927 4211 «porilem
942 4141 1157 4210 aerenunqeam
1173 4123 1219 4189 elei
1235 4125 1387 4202 hemines,
1404 4125 1432 4192 ie

269 4229 347 4310 «pueri
368 4229 398 4292 in
420 4229 515 4295 Persis
534 4231 646 4321 chorus
663 4233 819 4316 profitetur
838 4251 865 4295 r.
880 4227 1006 4312 Olsqq„
1026 4228 1078 4294 ulti
1099 4225 1279 4318 δολόμητιν
1299 4223 1435 4296 dudae»

268 4327 354 4395 ecci
368 4331 454 4408 eicie
468 4351 577 4418 nempe
591 4356 654 4410 οοτ,
670 4356 746 4420 ques
760 4344 882 4419 propter
896 4333 1084 4400 insolentiam
1100 4343 1151 4398 aut
1166 4333 1348 4417 impietatem
1361 4336 1433 4398 etle-

270 4443 340 4499 ruot
357 4443 390 4500 st
408 4454 508 4501 errore
528 4437 666 4521 deceptos
686 4439 716 4503 in
735 4436 895 4521 perniciem
916 4437 1045 4504 incidere
1060 4437 1177 4518 τούτοις
1196 4439 1318 4519 Argivos
1333 4449 1432 4504 autom
