3166 4962
669 415 820 519 *aar

165 605 263 690 lingua
277 607 337 672 sint
351 601 400 683 dd,
423 601 468 685 el,
483 605 617 674 fortassis
631 607 719 674 etiam
735 601 780 682 aei,
802 600 856 682 aad,
872 608 902 672 in
917 607 1005 672 latina
1019 605 1077 684 de,
1092 625 1186 692 quum
1203 625 1329 692 praepo·
1345 658 1352 671 .

166 710 235 774 sitio
255 719 320 775 tum
339 711 508 776 encliticum
529 711 615 788 illud,
635 711 715 796 quod
736 720 782 776 est
803 711 832 774 in
849 709 952 786 inde,
981 699 1091 788 unde,
1106 712 1278 796 quamde,
1299 720 1329 776 et

166 818 220 892 te,
235 814 315 899 quod
330 825 376 882 eet
391 816 421 881 in
437 817 523 892 isto,
538 823 634 880 tute:
650 834 706 882 nec
720 813 888 880 incredibile
908 815 997 880 rideri
1018 815 1105 881 debet
1124 817 1215 882 etiam
1240 837 1279 882 oe
1300 824 1330 880 ct

165 935 234 1002 que
248 919 307 984 buc
321 921 480 1005 pertinere.
502 921 687 1004 Quamquam
703 921 739 985 de
751 919 797 984 bis
812 920 895 984 alitor
905 920 1008 984 statuit
1019 921 1204 996 Corssenius,
1220 921 1329 1004 quippe

165 1023 216 1106 qui
231 1029 262 1088 el
276 1043 317 1088 ce
333 1025 489 1089 locativum
498 1045 599 1089 casum
611 1045 677 1090 ease
692 1025 760 1088 uelit
771 1029 779 1066 ¹
790 1025 820 1101 ⁴)
835 1036 866 1088 et
881 1043 948 1106 que
962 1025 1119 1090 ablativum
1132 1026 1327 1108 pronominis,

165 1126 302 1210 primitus
317 1128 436 1212 quidem
449 1127 479 1192 in
491 1129 511 1193 d
520 1134 688 1204 exeuntem,
704 1128 793 1211 quid
813 1134 846 1192 ut
867 1128 1001 1202 marid,
1017 1129 1095 1203 binc,
1110 1129 1221 1194 abiecta
1233 1130 1329 1193 littera

167 1231 274 1295 mauali
286 1232 315 1308 d,
331 1231 393 1316 qui
407 1240 448 1298 ut
463 1232 569 1309 mari,
584 1241 736 1317 postremo
753 1243 948 1316 cutemque,
963 1233 1047 1316 vulgo
1065 1233 1186 1316 quidem
1202 1233 1330 1298 breuiter

167 1335 402 1419 pronuntiatum,
418 1355 633 1421 nonnunquam
649 1346 750 1401 tamen
765 1337 842 1422 apud
859 1349 961 1422 poetas
980 1337 1069 1400 etiam
1085 1337 1282 1420 productum,
1301 1335 1329 1400 id

167 1440 248 1524 quod
267 1460 322 1524 pro
343 1449 518 1524 argumento
538 1461 602 1507 case
622 1442 717 1526 possit
736 1443 874 1526 primitus
894 1441 1051 1506 ablativum
1073 1441 1239 1522 iuisao¹⁵).
1270 1441 1329 1504 ttec

170 1543 269 1628 negari
299 1555 399 1630 puteat
428 1545 518 1610 etiam
550 1545 781 1628 significationes
811 1546 971 1630 particulae
1002 1547 1157 1630 plerasque
1183 1544 1329 1610 eiusmodi

166 1669 247 1726 mse,
286 1669 360 1732 quas
393 1650 580 1734 probabiliter
609 1651 645 1713 ad
675 1651 792 1714 ablativi
820 1650 974 1714 notionem
1004 1648 1204 1724 revocareris,
1238 1650 1328 1713 modo

166 1771 228 1818 non
253 1753 311 1818 boc
334 1754 451 1819 ablativi
476 1772 587 1819 nomen
609 1752 707 1818 solum
732 1763 862 1837 spectes,
887 1785 929 1800 -
954 1753 1034 1836 ‹puod
1056 1753 1174 1838 quidem
1198 1770 1260 1816 non
1279 1771 1327 1816 aa·

165 1858 203 1922 tie
228 1867 295 1942 apte
321 1859 494 1942 impositum
521 1867 576 1934 est,
597 1891 640 1906 —
659 1857 711 1922 aed
734 1858 902 1922 uniuersam
924 1857 1013 1922 buius
1034 1876 1118 1922 casus
1139 1857 1169 1920 iu
1190 1875 1329 1920 sermone

165 1960 348 2026 bructionem
374 1972 406 2032 et
431 1962 513 2047 quasi
539 1961 729 2044 prouinciam.
762 1960 854 2044 igitur
878 1961 903 2024 si
929 1961 996 2040 quia
1015 1963 1092 2024 bane
1112 1963 1259 2025 rationem
1279 1980 1330 2026 ae·

167 2073 285 2147 quatur,
305 2065 416 2130 lactum
440 2066 471 2130 in
491 2064 632 2148 particula
653 2083 722 2146 que
737 2063 795 2126 iam
811 2063 887 2146 apud
908 2074 1022 2128 ueteres
1044 2065 1139 2128 sinrile
1156 2065 1227 2147 quid
1245 2065 1329 2128 dixe·

165 2165 269 2244 rimus,
285 2187 374 2251 quam
397 2168 476 2251 quod
493 2178 560 2250 ptest
575 2167 605 2230 iu
620 2167 846 2232 romanensibus
861 2165 969 2250 linguis
983 2168 1093 2232 laetum
1105 2187 1171 2230 esec
1186 2167 1329 2243 ridemus,

166 2279 202 2334 ut
221 2273 342 2354 antiqua
365 2272 461 2335 torma
482 2269 590 2334 oaauali
611 2270 723 2335 abiecta
742 2271 866 2352 simplex
888 2271 988 2352 stirpis
1003 2271 1099 2333 lormn
1114 2271 1329 2346 restitueretur,

167 2374 420 2456 quemadmodum
435 2392 462 2435 e.
476 2391 503 2436 c
519 2371 591 2436 Galli
606 2392 690 2456 que,
708 2374 772 2436 itali
787 2374 852 2437 cbo
866 2375 968 2437 dicunt
980 2393 1034 2455 pro
1045 2393 1091 2446 eo,
1106 2375 1186 2456 quod
1198 2374 1268 2438 olim
1279 2383 1330 2438 aut

168 2495 260 2560 quae
275 2478 340 2552 luit,
356 2486 407 2540 aut
421 2475 534 2558 quod,
549 2487 601 2542 aut
617 2477 717 2559 quid,
731 2488 783 2542 aut
797 2496 914 2560 quam.
936 2479 1072 2540 Attamen
1088 2495 1191 2541 rursus
1206 2496 1245 2540 ne
1259 2475 1328 2541 iilud

168 2583 288 2667 quidem
312 2580 480 2647 incredibile
502 2581 594 2647 rideri
616 2582 713 2657 debet,
735 2583 834 2648 statim
857 2581 894 2645 ab
916 2580 999 2646 initio
1021 2581 1179 2666 particulae
1199 2580 1328 2646 iurmam

168 2689 259 2754 luisse
279 2689 356 2753 bunc
375 2687 588 2753 indifferentem
603 2707 637 2752 ac
652 2697 774 2772 proptor
788 2687 882 2770 ipsam
898 2686 975 2750 banc
990 2685 1217 2750 inlitterenttam
1234 2687 1329 2750 variae

167 2791 388 2874 significationis
410 2811 557 2875 capacem,
579 2811 656 2877 quae
678 2791 843 2876 siquando
865 2790 901 2854 nd
924 2789 1012 2854 unius
1034 2799 1085 2854 aut
1103 2791 1225 2856 alterius
1243 2810 1330 2855 casm

168 2895 409 2978 significationem
431 2897 592 2974 resederet,
608 2898 800 2962 modoetiam
815 2895 988 2978 particulam
1004 2894 1034 2958 in
1050 2893 1177 2958 lormarn
1193 2895 1273 2958 casui
1288 2894 1329 2958 si·

168 2998 268 3062 milem
284 2997 404 3074 abibae,
427 3001 517 3064 modo
530 3009 631 3066 autem
646 3002 797 3083 antiquam
817 3017 903 3062 suam
923 3007 954 3061 et
972 2997 1186 3060 indifferentem
1203 2997 1332 3062 lormam

168 3099 336 3164 retinuisse.
382 3102 420 3167 Et
434 3111 505 3166 sunt
519 3122 589 3168 sanc
605 3113 723 3167 nostrae
746 3101 904 3184 particulae
918 3101 1147 3182 significationes
1162 3103 1331 3176 nonnullae,

170 3222 246 3286 quae
261 3205 476 3272 dubitationem
498 3207 629 3272 iniiciant
643 3206 764 3270 haecine
780 3205 926 3270 sententia
941 3221 979 3267 au
994 3203 1043 3268 illa
1058 3205 1251 3269 Corsseniaua
1266 3223 1333 3268 ma·

169 3305 213 3388 pia
228 3309 378 3389 probanda
394 3311 447 3387 sit,
468 3329 558 3395 quam
578 3310 616 3374 ob
630 3327 701 3374 reru
710 3329 764 3393 ego
779 3309 898 3392 quidem
913 3307 1042 3391 amplius
1055 3308 1153 3372 adbuc
1166 3308 1334 3372 deliberan-

170 3407 242 3472 dum
257 3431 323 3475 esse
338 3431 455 3478 censeo.

256 3513 513 3588 Quemadmodum
535 3525 635 3580 autem
657 3533 824 3599 pronomen
852 3514 917 3598 qui
944 3514 975 3578 in
996 3513 1250 3579 demonstratione
1271 3530 1334 3576 non

169 3613 216 3678 illa
231 3616 351 3699 quidem
365 3619 514 3703 primitiva
529 3640 555 3684 a.
570 3617 691 3695 oculari,
711 3617 763 3682 sed
778 3617 907 3694 relativa,
929 3616 1061 3700 itemque
1079 3617 1112 3682 in
1132 3617 1334 3700 designatione

169 3772 371 3788 *-

242 3861 281 3928 14)
301 3859 338 3915 lie
358 3861 460 3930 liuguae
480 3861 575 3916 latinae
595 3869 712 3932 promat
728 3859 811 3914 veui.
830 3867 857 3914 et
872 3875 926 3914 ace.
937 3855 949 3913 i
960 3877 983 3930 p.
996 3859 1057 3912 dil.
1080 3858 1137 3913 Nea
1150 3858 1230 3928 liquet
1240 3865 1334 3925 ιιιικι,

168 3933 253 3998 aman
273 3955 378 4014 praeter
393 3948 531 4002 locatirara
546 3948 624 4002 etiam
635 3948 702 4001 aliea
714 3945 773 4000 oliae
786 3961 862 4000 casua
874 3945 986 4000 eiaadeaa
998 3947 1117 4000 denaus
1129 3945 1211 4000 iniere
1221 3953 1335 4015 cenant,

167 4031 241 4086 velat
256 4033 318 4099 ela,
333 4051 399 4102 ces,
415 4051 469 4088 cae
481 4051 513 4088 aa
524 4035 574 4088 beo
586 4041 693 4100 tantan,
704 4050 737 4087 ex
749 4033 830 4102 stirpe
842 4032 1010 4102 prenominali
1021 4033 1086 4088 illud
1097 4051 1149 4101 ee,
1163 4040 1208 4087 aut
1219 4032 1334 4103 pleniore

168 4115 250 4173 tom
262 4120 324 4187 oei,
336 4121 367 4172 ad
379 4119 522 4188 analogian
532 4119 639 4180 locatiel
651 4135 726 4172 carae
738 4117 849 4172 efficto·
861 4135 927 4172 erae.

239 4207 281 4272 ld>
298 4205 359 4259 ibid.
370 4222 395 4275 p.
407 4205 466 4259 aad.
486 4205 553 4258 Aridi
565 4211 666 4272 peterat
677 4205 709 4257 ad
721 4207 929 4274 comprobandam
940 4205 1005 4258 barre
1016 4205 1178 4274 sententian,
1191 4205 1335 4274 qaodapad

168 4291 250 4346 osee·
263 4293 341 4346 edan
352 4291 418 4362 pid,
430 4307 494 4360 qaae
506 4289 639 4344 aaaaiioata
650 4299 691 4344 eat
701 4291 809 4345 abladvi
820 4289 911 4358 loma,
923 4307 970 4360 pre
981 4307 1013 4345 ee
1024 4291 1091 4360 quoti
1103 4300 1145 4346 eat
1156 4307 1228 4360 qne,
1237 4291 1336 4346 dictu

169 4379 283 4447 aaran,
304 4377 376 4434 vara
395 4377 494 4447 tripu
515 4377 542 4432 a
557 4377 632 4447 app·
643 4374 881 4434 mutarerunt.
904 4377 1105 4434 muamus.
1118 4377 1336 4435 ιιιιιιωιιιιι.
1407 4391 1410 4396 ¹
1544 4359 1552 4400 ²

168 4483 194 4536 p.
212 4466 272 4522 290.
388 4473 393 4484 ·
