3166 4962
736 555 889 658 -r—ao-

233 743 315 808 modi
336 743 476 808 minutias
490 743 538 806 rix
554 761 648 806 unum
663 750 716 806 eut
728 747 854 810 atterum
870 747 1010 809 tectorem
1026 743 1197 809 inventurae
1212 761 1395 826 expromam,

231 847 267 909 de
282 847 463 928 gravioribus
477 855 578 911 sutem
594 847 701 921 rebus,
723 867 799 930 quae
822 849 966 924 maxime,
986 849 1045 912 boe
1059 846 1232 930 pracsertim
1247 855 1393 928 tempore,

230 949 366 1012 omnium
381 949 496 1013 animos
511 959 646 1026 movent,
669 969 791 1032 prorsus
811 961 941 1028 taceam,
962 951 1064 1038 deesse
1086 949 1158 1012 mihi
1179 947 1249 1011 civis
1271 947 1342 1010 boni
1365 953 1396 1009 et

229 1051 340 1133 patriae
355 1051 484 1114 amantis
500 1053 598 1114 oltieio
614 1053 720 1116 videar.
753 1057 827 1117 Sum
843 1055 922 1118 enim
939 1055 969 1117 in
985 1074 1018 1117 ea
1033 1053 1190 1126 sententia,
1212 1069 1301 1132 quam
1324 1048 1396 1112 otim

228 1153 453 1218 Atheniensium
468 1154 561 1218 inisse
578 1155 704 1219 Pericles
719 1158 796 1238 apud
811 1157 1013 1239 Thucydidem
1031 1157 1066 1233 tt,
1088 1157 1140 1232 40,
1161 1153 1330 1228 btestatur,
1350 1159 1394 1222 ut,

228 1257 279 1338 qui
304 1276 405 1321 euram
430 1257 474 1321 rei
499 1258 631 1340 publicae
657 1260 729 1322 nihil
755 1261 791 1322 ad
819 1281 851 1324 se
876 1259 1024 1342 pertinere
1047 1266 1140 1340 putet,
1167 1274 1237 1320 enm
1257 1275 1311 1336 ego
1332 1271 1396 1318 non

230 1351 431 1443 ἀπράγμονα
451 1361 503 1424 scd
525 1353 657 1446 α’χρεῐον
677 1363 834 1426 dicendum
856 1383 922 1428 esse
944 1363 1086 1436 iudicem,
1113 1377 1294 1442 moveorque
1308 1357 1397 1420 etiam

230 1464 347 1529 Solonis
361 1465 570 1548 sapientissimi
585 1465 638 1528 riri
654 1466 728 1548 lege,
743 1485 819 1549 quac
835 1467 863 1530 in
880 1466 1064 1530 dissensione
1079 1463 1154 1528 civiti
1170 1483 1237 1536 eos,
1258 1463 1309 1546 qui
1327 1463 1397 1524 nul·

229 1567 285 1631 lius
301 1569 391 1650 partis
413 1589 445 1632 se
467 1589 532 1633 esse
548 1571 664 1642 uellent,
687 1579 722 1632 ut
741 1571 877 1652 indignos
899 1571 1012 1653 optimo
1035 1567 1158 1633 civitatis
1181 1569 1254 1640 iure,
1278 1559 1399 1650 α’τιμίᾳ

229 1672 306 1736 aitlci
321 1673 455 1747 iubebatc
471 1673 507 1736 de
519 1692 577 1756 qua
590 1674 652 1756 lege
664 1673 847 1750 Plutarchus,
864 1675 913 1738 vit.
927 1675 988 1738 Sol.
1001 1693 1027 1737 c.
1039 1673 1090 1746 to,
1106 1665 1276 1753 βούλεται,
1293 1669 1397 1750 inquit,

229 1771 275 1857 pri
293 1767 442 1850 ἀπαθῶς
462 1769 538 1860 μηδ’
562 1768 779 1864 ἀναισθήτως
793 1773 880 1857 ἔχειν
903 1774 991 1860 πρὸς
1012 1771 1051 1841 τὰ
1074 1769 1187 1838 κοινὸν
1203 1765 1238 1836 ἐν
1250 1763 1397 1856 ἀσφαλεῖ

230 1873 374 1961 θέμενον
402 1875 444 1944 tei
471 1871 581 1945 sinesin
607 1875 665 1947 καὶ
697 1877 745 1968 τῷ
772 1879 816 1968 μὴ
847 1879 1016 1966 συναλγεῖν
1050 1874 1136 1968 μιμλὲ
1164 1875 1330 1942 συννοσεῖν
1356 1869 1400 1964 τῇ

231 1977 371 2068 πατρίδι
393 1980 693 2070 καλλωπιζόμενον,
721 1978 791 2052 ἀλλ’
814 1977 961 2052 nitidae
972 1987 1042 2064 τοῖς
1063 1981 1105 2050 τὰ
1121 1979 1240 2068 βελτίω
1262 1975 1323 2046 καὶ
1345 1975 1399 2044 dt·

229 2083 388 2172 ιισιιλεερο
421 2083 608 2175 πράττουσι
638 2090 871 2177 προσθέμενον
892 2083 1154 2174 συγκινδυνεύειν
1175 2083 1232 2152 καὶ
1258 2083 1400 2170 βοηθεῖν

229 2189 354 2274 μᾶλλον
366 2183 387 2277 ἢ
397 2187 587 2279 περιμένειν
599 2187 779 2273 ἀκινδύνους
789 2192 830 2261 aci
838 2197 902 2260 τῶν
911 2191 1126 2280 κρατούντων.
1151 2191 1399 2276 Equidomigitur,

231 2299 365 2380 quamvis
377 2319 486 2364 munus
499 2319 599 2364 mcum
611 2301 810 2366 academicum
823 2302 860 2364 ab
871 2301 933 2384 ipsa
945 2299 1200 2365 administratione
1212 2298 1255 2362 rei
1267 2296 1400 2382 publicae

232 2401 318 2484 longe
341 2413 490 2466 remotum
513 2425 579 2468 csse
602 2405 771 2487 intelligam,
795 2413 895 2468 tamon
917 2405 1006 2469 ctiam
1029 2406 1123 2469 civem
1146 2423 1194 2466 me
1217 2420 1278 2465 non
1301 2401 1399 2464 solum

160 2547 163 2552 ,
231 2504 319 2568 buius
330 2507 495 2571 academiae
506 2509 558 2571 sed
571 2509 723 2572 uniuersae
735 2508 776 2571 rei
789 2509 922 2592 publicae
933 2529 999 2572 esse
1009 2508 1153 2581 existimo,
1169 2514 1288 2569 nostrae
1299 2513 1399 2568 autem

230 2608 274 2671 rei
289 2609 421 2691 publicae
436 2631 469 2673 ca
484 2629 564 2674 nunc
579 2621 712 2696 tempora
727 2631 791 2674 csse
806 2611 899 2686 video,
915 2631 991 2696 quae
1008 2611 1103 2674 bonos
1118 2627 1224 2672 omncs
1238 2609 1399 2671 vehemen-

231 2720 277 2774 ter
297 2731 484 2776 commorere
508 2715 653 2796 malisque
676 2715 791 2778 ebriam
812 2715 854 2777 ire
875 2725 927 2778 aut
946 2714 1083 2778 resistere
1098 2711 1237 2785 iubeant,
1259 2711 1400 2774 siminus
1520 2775 1522 2779 Α

230 2814 325 2888 tactis,
348 2825 378 2878 at
400 2825 478 2879 certe
500 2817 596 2880 verbis
616 2829 645 2880 ct
666 2817 930 2880 admonitionibus.
975 2817 1050 2880 Nam
1065 2817 1133 2879 lieet
1147 2834 1209 2878 nen
1224 2817 1251 2878 vi
1266 2825 1296 2879 ct
1309 2815 1400 2879 armis

231 2915 397 2994 dimicetur,
409 2919 593 2983 dissensione
604 2929 705 2983 tamen
717 2919 825 2984 ciuium
838 2929 868 2982 et
880 2919 1008 3005 partium
1021 2919 1327 2984 contentionibusnon
1336 2937 1400 2981 me·

230 3019 369 3083 diocriter
389 3021 511 3085 distrahi
530 3041 594 3086 rem
618 3021 766 3108 publicam
786 3023 938 3098 ridemus,
960 3043 1035 3105 quae
1056 3023 1081 3086 si
1096 3023 1212 3104 longius
1228 3039 1400 3104 progressae

232 3121 357 3198 luerint,
378 3143 569 3188 communem
591 3127 727 3190 omnium
746 3128 872 3190 satutem
894 3127 925 3189 in
946 3145 1099 3190 summum
1120 3126 1277 3190 discrimen
1292 3123 1402 3188 adduci
1453 3169 1455 3175 ,

233 3241 267 3288 se
281 3237 433 3310 postremo
449 3229 634 3312 pessumdari
650 3249 770 3294 necesse
785 3229 851 3294 erit.
896 3229 993 3292 lmmo
1014 3230 1039 3292 si
1060 3247 1128 3291 vera
1149 3237 1195 3291 est
1209 3227 1309 3313 populi
1325 3227 1400 3289 dell·

232 3329 306 3394 nitio
329 3349 345 3394 a
368 3332 506 3414 Scipione
534 3335 611 3416 spond
633 3336 815 3408 Ciceronem,
839 3333 875 3396 dc
901 3349 933 3396 rc
959 3331 1039 3414 publ.
1071 3332 1097 3394 t.
1119 3351 1144 3396 c.
1166 3329 1217 3402 25,
1241 3328 1400 3411 proposita,

231 3441 266 3496 ut
289 3434 328 3496 sit
353 3445 457 3499 coetus
483 3437 682 3501 multitudinis
708 3437 782 3502 iuris
811 3453 960 3501 consensu
979 3444 1010 3498 et
1031 3433 1166 3500 utilitatis
1189 3431 1401 3498 communione

232 3535 441 3612 suculentis
467 3539 838 3626 adlruebuncpopulum
866 3560 931 3605 esso
958 3539 1082 3616 dixeris,
1109 3537 1160 3602 ubi
1191 3547 1271 3601 tanta
1297 3536 1336 3602 sit
1363 3535 1400 3600 tls

233 3639 297 3706 ium
312 3641 467 3719 dissensio,
483 3649 625 3727 quaenam
637 3645 714 3730 apud
727 3665 781 3710 nos
793 3647 822 3720 it,
839 3643 931 3730 quise
944 3643 1267 3728 sotospopulicausam
1280 3641 1402 3707 tuerise

232 3744 389 3810 detondere
400 3747 562 3821 clamitant,
575 3769 692 3814 morere
705 3771 881 3835 snrnmaque
893 3770 961 3817 eum
972 3748 1130 3834 pertinacia
1144 3747 1236 3830 magis
1248 3747 1400 3831 magisque

232 3869 338 3934 augere
352 3861 442 3934 atque
456 3853 615 3918 aescendere
630 3855 814 3920 annituntur.
837 3855 950 3932 Quodsi
966 3873 1085 3919 causum
1102 3851 1293 3916 dissensionis
1308 3869 1401 3934 quae·

232 3953 341 4030 rimus,
363 3957 458 4018 multo
480 3941 580 4022 minus
597 3977 662 4022 earn
684 3959 714 4022 in
730 3959 801 4024 iuris
815 3961 909 4043 ipsius
924 3959 1130 4023 incertitudine
1145 3967 1196 4020 aut
1210 3955 1400 4038 ambiguitate

233 4075 322 4138 quam
343 4057 374 4120 iu
393 4059 588 4124 factiosorum
609 4063 768 4126 bominum
783 4064 941 4146 cupiditate
956 4063 1083 4146 positam
1098 4081 1163 4125 esso
1179 4060 1326 4134 ridemus,
1348 4057 1401 4140 qui

232 4169 312 4221 certo
327 4177 363 4222 ae
376 4160 507 4242 legitime
522 4163 585 4225 iure
601 4181 662 4226 non
676 4165 809 4228 contenti
824 4186 857 4230 se
872 4167 953 4230 solos
968 4165 999 4227 in
1014 4165 1130 4228 eiritate
1146 4161 1293 4226 dominari
1313 4169 1344 4224 et
1364 4179 1401 4225 ex

232 4257 307 4322 bene
329 4269 491 4344 temperata
512 4263 555 4328 rei
577 4265 710 4348 publicae
732 4267 839 4344 torma,
862 4267 892 4330 in
914 4288 972 4351 qua
994 4277 1025 4331 et
1044 4266 1105 4349 regi
1120 4275 1150 4330 et
1165 4263 1356 4348 optimatibus
1370 4271 1402 4328 st

233 4361 310 4444 plebi
325 4382 396 4428 suas
410 4365 516 4450 cuique
531 4378 630 4449 partes
645 4377 724 4432 recte
739 4370 907 4452 adsignatae
921 4371 997 4446 sint,
1017 4369 1160 4453 populare
1175 4369 1325 4452 quoddam
1340 4367 1401 4430 irn-

233 4461 349 4546 perium
362 4466 479 4532 eittnere
493 4471 625 4546 student,
640 4489 701 4554 quo
715 4471 831 4535 nultum
846 4473 987 4548 deterius,
1002 4472 1116 4536 nultum
1132 4471 1176 4537 rei
1188 4471 1319 4554 publicae
1331 4486 1400 4553 pcr-

233 4565 375 4632 uiciosius
388 4589 454 4635 esse
469 4591 583 4652 omncs,
598 4575 768 4658 quicunque
781 4593 886 4658 sapere
900 4595 937 4641 es
947 4575 1070 4640 historia
1081 4575 1256 4650 didicerunt,
1272 4591 1333 4639 une
1348 4591 1400 4638 erc
