3294 4982
656 413 809 514 L
839 420 843 426 ,

148 613 264 670 constat
277 625 314 671 ex
328 605 395 670 albo
409 603 503 689 lapide
517 603 614 670 torma
629 613 713 671 ovata
734 603 765 668 in
787 603 875 685 adyto
894 604 999 687 templi
1020 603 1212 678 collocatum,
1234 601 1316 668 iuxta

147 709 295 792 tripodem
310 728 450 776 cavernae
464 717 713 792 superstructum,
729 707 777 774 oni
790 707 921 772 insidens
935 707 1040 792 Pythia
1050 717 1081 772 et
1095 725 1202 791 vapore
1214 725 1250 770 cx
1264 724 1315 771 ca·

149 831 239 877 verne
269 815 404 878 exhalato
433 813 553 879 incitata
581 811 802 879 vaticinabatur.
835 811 910 874 Nam
935 811 1015 894 quod
1035 811 1169 876 nonnulli
1194 814 1317 894 propter

149 915 311 981 Pausaniae
327 916 487 1000 quemdam
502 917 600 980 locum
615 934 676 980 non
690 915 760 980 sabe
775 915 973 998 perspicuum,
988 915 1025 990 X,
1040 915 1088 988 tu,
1100 915 1131 990 2,
1143 913 1316 978 umbilicum

149 1019 238 1083 huius
253 1019 405 1102 scriptoris
419 1025 513 1083 aetate
527 1027 609 1082 extra
623 1019 725 1084 aedem
740 1017 833 1082 luisse
853 1018 1056 1092 erediderunt,
1076 1034 1138 1079 non
1152 1017 1216 1080 sino
1230 1033 1317 1080 causa

150 1123 187 1186 ab
201 1123 264 1187 alib
279 1122 444 1186 indubium
459 1129 595 1186 vocatum
610 1124 716 1200 colli:
738 1129 818 1188 oerte
831 1121 938 1186 Strabo
960 1140 1029 1186 eum
1051 1139 1106 1184 suo
1128 1129 1262 1201 temporo
1282 1109 1317 1182 ἐν

149 1226 200 1310 τῷ
220 1227 290 1312 ναῷ
310 1231 508 1290 monstratum
523 1245 588 1290 esse
603 1225 689 1290 docet
703 1225 742 1290 tx
762 1245 791 1309 p.
814 1225 876 1290 tte
899 1235 974 1288 extr.
1010 1225 1148 1288 Ceterum
1169 1221 1317 1299 eiusmodi

151 1328 308 1393 umbilicos
323 1329 412 1393 etiam
426 1329 457 1393 in
472 1329 535 1394 aliis
549 1329 622 1394 locis
635 1329 727 1394 luisse
741 1347 834 1412 quum
855 1329 1035 1412 scriptorum
1057 1326 1235 1391 testimoniis
1253 1337 1318 1389 tum

151 1432 222 1498 artis
236 1432 385 1518 operibus,
401 1451 540 1498 vesonum
555 1433 675 1517 picturis
690 1443 720 1498 ot
734 1451 928 1499 nummorum
943 1431 1032 1514 signis
1047 1439 1188 1495 testatum
1201 1435 1248 1494 est
1259 1427 1317 1506 11),

151 1537 268 1602 Nomen
282 1537 349 1602 ideo
364 1536 490 1601 inditum
512 1537 640 1612 videtur,
659 1537 739 1620 quod
758 1537 821 1602 iere
841 1537 872 1602 in
894 1535 1056 1600 meditullio
1075 1535 1221 1606 locorum,
1241 1533 1318 1597 sieut

152 1640 308 1705 umbilicus
333 1640 363 1705 iu
384 1659 525 1724 corpore,
547 1640 682 1705 collocati
702 1649 811 1705 essem
841 1641 879 1704 Et
898 1639 1072 1723 ltelpbicum
1094 1638 1214 1722 quidem
1235 1637 1317 1702 illum

153 1745 243 1810 etiam
257 1743 288 1809 in
303 1744 395 1810 totius
416 1745 496 1808 orbis
512 1753 657 1810 terrorum
679 1744 844 1810 meditullio
862 1765 928 1810 osse
948 1743 1163 1809 fabulabantur.
1188 1737 1319 1806 bubiuri

153 1858 253 1912 autem
268 1848 314 1912 vix
327 1854 436 1932 potest,
452 1847 524 1930 quin
538 1848 632 1924 initio,
647 1847 724 1913 sicut
736 1849 785 1913 alii
801 1847 911 1931 passim
931 1847 1040 1931 lapides
1052 1851 1062 1890 ¹
1073 1848 1101 1926 ¹)
1121 1847 1164 1911 sio
1183 1847 1273 1910 etiam
1287 1843 1319 1908 bi

155 1951 284 2016 umbilici
297 1970 350 2035 pro
361 1951 491 2015 numinis
505 1951 627 2015 alicuius
642 1953 784 2034 symbolis
799 1951 890 2014 habiti
903 1951 1022 2026 luerint,
1038 1952 1086 2015 alii
1100 1951 1225 2015 tortuose
1245 1949 1320 2014 alio·

154 2071 233 2117 rum.
263 2053 434 2136 Delphicum
450 2053 571 2118 inerunt
585 2054 636 2137 qui
652 2055 726 2118 lovis
741 2054 833 2119 luisse
849 2053 1013 2128 crederent,
1028 2063 1132 2136 utpote
1147 2052 1258 2117 summi
1270 2071 1320 2114 va·

155 2156 323 2221 liciniorum
338 2159 476 2232 auctoris,
492 2157 577 2221 ouius
588 2157 691 2240 dpollo
704 2157 825 2221 stuntius
836 2165 866 2220 et
877 2157 1011 2220 minister
1020 2165 1114 2220 esset:
1129 2157 1207 2220 unde
1221 2155 1320 2218 lovem

92 2267 95 2272 “
155 2260 379 2347 Πανομφαίον
394 2261 547 2337 dixerunt3
563 2261 695 2344 adcoqne
718 2263 806 2326 etiam
827 2251 983 2346 ὀμφαλοῦ
1002 2278 1112 2324 nomen
1132 2258 1266 2324 nonnulli
1284 2257 1321 2320 ab

155 2385 192 2428 eo
207 2363 288 2447 quod
302 2372 349 2427 est
364 2353 459 2450 ὀμφή
473 2365 585 2429 luctum
600 2385 665 2428 esse
680 2363 792 2446 opinati
806 2370 877 2428 sunt
889 2367 948 2441 ι1).
981 2363 1165 2428 l'robabilius
1180 2362 1322 2426 ll'iesele·

155 2485 208 2529 rus
224 2467 327 2530 Vestae
342 2467 509 2550 symbolum
524 2467 615 2531 luisse
639 2468 758 2530 staiuit:
781 2467 1032 2544 llooboicnius¹³l
1053 2485 1149 2550 nuper
1167 2465 1323 2548 proveeta

156 2569 305 2632 Tellurem
326 2569 515 2652 praeoptavit.
550 2569 718 2633 lleminisse
737 2578 837 2633 sutem
857 2569 1000 2633 debemus
1019 2570 1092 2633 baec
1107 2569 1167 2632 duo
1189 2568 1321 2640 numina,
1372 2559 1375 2564 ’

157 2671 290 2754 quamvis
303 2691 391 2754 saepo
406 2671 540 2746 discreta,
555 2689 616 2735 non
626 2690 694 2736 raro
710 2681 810 2736 tamen
823 2672 914 2737 etiam
929 2673 1051 2736 confusa
1066 2691 1146 2746 esse,
1167 2681 1201 2734 ut
1218 2670 1322 2733 eadem

157 2783 188 2836 et
202 2775 290 2837 Vesta
300 2783 331 2837 et
345 2773 444 2837 'lellus
459 2793 524 2837 esso
538 2774 742 2856 perhiberetur
752 2777 762 2817 ¹
772 2777 815 2854 ⁴):
831 2793 905 2856 quae
925 2775 1060 2840 conlusio
1080 2775 1112 2838 in
1131 2773 1321 2854 religionibus
1346 2827 1348 2832 .

157 2875 336 2957 populorum
352 2884 498 2958 quatenus
513 2885 564 2938 aut
577 2885 677 2958 spreta
688 2885 740 2940 aut
751 2878 889 2960 adoptata
901 2877 1000 2952 luerit,
1016 2877 1130 2941 deliniri
1141 2898 1157 2941 a
1169 2876 1254 2939 nobis
1266 2892 1327 2938 non

157 2984 267 3062 potest.
282 3011 325 3023 -
340 2977 425 3052 Quod
440 2987 540 3040 autem
554 2995 635 3042 nuno
648 2979 726 3060 apud
742 2980 913 3064 Euripidem
928 2981 1034 3064 Apollo
1049 2981 1112 3062 ipse
1123 2979 1263 3044 umbilico
1278 2979 1327 3043 in·

159 3081 259 3144 sidens
273 3079 423 3144 vaboinari
437 3079 552 3154 dicitur,
568 3082 733 3164 comparari
751 3093 851 3166 potest
869 3101 938 3148 cum
959 3083 1090 3146 l'latonis
1109 3083 1190 3157 loco,
1211 3083 1249 3146 de
1268 3082 1329 3146 lle·

160 3183 303 3268 publili,
318 3183 338 3246 5
353 3201 383 3266 p.
399 3181 462 3246 tut
478 3183 526 3246 Cn
543 3169 639 3260 οὗτος
661 3179 723 3268 γὰρ
745 3177 855 3270 δήπου
883 3183 903 3248 ὁ
925 3179 1008 3260 θεὸς
1027 3217 1070 3231 —-
1088 3177 1124 3248 ἐν
1149 3180 1243 3268 μέσῳ
1271 3179 1331 3268 τῆς

160 3283 219 3372 γῆς
241 3279 299 3349 dat
320 3285 382 3348 soti
403 3275 557 3370 ὀμφαλοῦ
579 3281 768 3372 καθήμενος
782 3280 956 3372 ἐξηγεῖται.
986 3286 1105 3350 Scilicet
1122 3287 1196 3352 deus
1215 3287 1278 3370 ipsc
1299 3287 1331 3351 iu

160 3387 262 3469 templi
276 3387 375 3468 adyto,
390 3387 525 3469 quemuis
540 3389 617 3452 haud
633 3389 827 3472 aspectabilis,
840 3407 979 3472 praesens
1002 3397 1103 3454 umen
1124 3389 1255 3456 assidere
1272 3389 1331 3472 Ρ)-

160 3489 239 3552 thiae
253 3489 427 3552 credebatur
441 3489 526 3571 eique
541 3490 612 3572 quid
623 3489 781 3555 dicendum
802 3500 882 3556 esset
900 3491 1078 3574 praecipere.
1108 3485 1333 3572 Monedopoc

162 3585 225 3677 γὰρ
246 3582 290 3667 ὥς
306 3579 348 3654 ilo
368 3581 488 3676 ἡγῆται
503 3587 596 3667 θεός,
611 3591 707 3674 inquit
720 3593 825 3676 Pythie
838 3593 915 3676 apud
931 3593 1118 3677 Aeschylum,
1133 3593 1222 3657 Eum.
1237 3613 1265 3656 v.
1280 3593 1333 3668 st,

168 3701 563 3802 “dli-idssaceuratlulnrm
575 3741 717 3796 Wlooeleri
727 3743 930 3812 disputationem,
940 3743 1043 3797 latona
1055 3744 1101 3798 all’
1112 3741 1205 3798 onlalo
1217 3743 1324 3812 neue,

164 3823 192 3877 ln
206 3823 299 3878 Arnai.
311 3823 424 3878 institut.
435 3825 596 3893 ambaaolop.
605 3825 706 3882 ΧΧΙΧ.
718 3844 742 3897 p.
757 3827 815 3882 lid.
1298 3827 1304 3838 '

166 3992 216 4046 ¹⁶⁶
234 3909 276 3974 to)
299 3907 337 3962 (Ἰ.
354 3909 464 3962 Panna.
480 3909 510 3976 11,
531 3910 571 3977 tt,
590 3911 615 3965 ’1.
632 3911 742 3982 llespclt.
758 3929 781 3966 a.
797 3927 823 3966 v.
844 3913 897 3983 rsit
912 3907 1052 3984 ὀμφαλός.
1080 3912 1221 3968 wienorne.
1237 3911 1256 3967 1.
1272 3911 1331 3980 lp.

217 4031 225 4046 .
236 4008 275 4061 oq.

234 4080 276 4144 11)
289 4077 327 4131 Ci.
338 4078 431 4133 librom
444 4068 558 4134 norim
570 4079 602 4133 tle
613 4080 743 4150 andquitt.
756 4078 803 4136 Gr.
815 4089 876 4135 ten.
886 4079 907 4136 11
919 4097 944 4150 p.
958 4081 1004 4136 l'il
1016 4098 1054 4151 sq.
1067 4083 1108 4137 od.
1121 4083 1147 4137 2.
1159 4094 1187 4139 et
1197 4081 1333 4138 wetetee.

164 4163 287 4232 ssoolop.
300 4161 347 4216 Gr.
362 4164 374 4218 1
386 4178 410 4230 p.
422 4163 482 4218 stu.

235 4249 277 4313 tt>
295 4247 401 4302 Cornum
412 4250 444 4302 da
457 4249 508 4303 nt.
519 4250 592 4303 deor.
603 4265 626 4303 o.
637 4249 670 4304 ³2
682 4265 707 4318 p.
722 4249 778 4305 lbb.
791 4251 837 4306 οι.
850 4249 934 4332 Sobel.
944 4247 1033 4319 laete.
1046 4251 1134 4308 Oret.
1150 4269 1178 4308 v.
1189 4255 1250 4308 dil.
1289 4255 1295 4268 '

235 4333 278 4402 11)
296 4334 413 4390 vemat
429 4334 492 4388 ibor
508 4335 548 4388 tt·
560 4333 789 4406 uetbnyotottt
800 4338 847 4392 der
856 4335 933 4392 stoa
945 4337 1039 4405 (meet)
1052 4337 1120 4392 lest
1132 4354 1158 4408 p.
1169 4341 1230 4394 tte.

236 4421 279 4488 11)
296 4416 336 4475 CI.
344 4418 453 4476 Prollcr.
465 4417 575 4493 ssptltol.
590 4421 603 4475 1
616 4433 644 4489 p.
654 4420 715 4477 2116.
