3186 4958
788 435 937 536 eu..

273 625 385 690 llritaio
411 623 571 697 assentior,
597 641 725 706 quomm
752 623 828 690 alter
846 625 920 690 baec
935 657 977 671 ·-
992 621 1072 706 quod
1092 621 1231 686 omnibus
1252 623 1282 686 io
1302 633 1442 710 promptu

272 737 337 792 erat
351 761 392 774 -
407 745 462 810 pro
482 725 649 811 parenthesi
667 727 786 810 accipit,
813 749 871 812 qua
897 727 1078 810 significetur
1098 725 1237 816 omnibus
1258 745 1321 788 rem
1346 727 1444 789 mani·

273 830 378 893 lostam
394 829 502 902 luisse,
524 829 673 892 neminem
695 829 831 906 latuisse,
854 833 943 904 ulter,
966 827 1016 912 qui
1037 833 1116 891 recte
1138 827 1326 908 intelligeret,
1348 829 1442 912 ipsam

272 937 453 996 structuram
473 932 614 994 orationis
634 932 750 998 obstare
770 935 932 1017 quominus
953 930 1030 996 aliud
1047 931 1154 994 borum
1171 931 1343 1006 sericorum,
1363 930 1442 994 aliud

273 1037 402 1118 reliquae
427 1033 639 1100 enuntiationis
665 1035 833 1100 subiectum
859 1057 925 1100 esse
951 1033 1103 1109 credatur,
1130 1053 1184 1116 pro
1211 1033 1246 1096 in
1272 1042 1444 1116 promptu

273 1149 362 1212 certa,
384 1149 418 1203 ut
432 1139 481 1214 ait,
502 1138 708 1228 emendatione
723 1139 995 1226 improsperurn
1011 1136 1196 1222 scriperem)
1233 1137 1352 1201 l'lacere
1367 1137 1445 1202 liano

273 1243 510 1308 emendationem
527 1263 615 1326 posse
629 1244 773 1307 concedo:
796 1243 992 1308 necessariam
1011 1261 1046 1306 ac
1061 1249 1171 1304 centnm
1187 1261 1254 1303 csse
1269 1259 1329 1304 non
1344 1241 1443 1316 credo,

273 1347 326 1410 sed
341 1346 496 1428 ompuieseo
519 1345 677 1427 invulgata
699 1349 834 1412 codicum
851 1347 985 1410 lectione.
1017 1345 1163 1408 Nimirum
1180 1344 1312 1427 loquitur
1326 1345 1444 1410 Tacitus

273 1451 480 1516 decollatione
496 1447 653 1524 immenti,
675 1469 750 1534 quae
772 1451 856 1515 malis
870 1451 984 1514 artibus
1000 1447 1201 1534 procuratoris
1216 1449 1339 1532 eiusque
1354 1449 1443 1512 mini·

273 1563 405 1618 atrorum
426 1573 462 1618 ex
482 1553 641 1628 tolerabili,
662 1563 691 1616 et
711 1555 829 1637 qualern
851 1563 1000 1638 praestare
1023 1572 1129 1616 omncs
1144 1553 1209 1617 sine
1224 1552 1358 1616 molestia
1374 1572 1444 1635 pos-

273 1666 351 1730 sent,
373 1655 404 1720 in
418 1665 575 1737 «praestum
591 1674 753 1740 paucorum
775 1657 1007 1721 convertebatur.
1052 1655 1173 1720 Collatio
1188 1655 1330 1718 irumenti
1345 1655 1445 1718 omni-

275 1757 333 1822 bus
354 1759 384 1821 in
408 1767 549 1842 promptu
572 1765 644 1832 rral,
670 1759 782 1824 scilieet
803 1761 828 1824 si
851 1769 930 1823 recte
951 1778 986 1823 ae
1007 1759 1135 1840 legitime
1157 1777 1225 1822 eum
1241 1759 1276 1821 iis
1291 1767 1444 1841 ageretur:

277 1879 358 1926 nunc
382 1871 493 1931 autem,
519 1881 613 1945 quum
637 1881 724 1926 secus
751 1873 896 1946 ageretur,
922 1863 1023 1944 paucis
1050 1861 1175 1925 lucrosa.
1203 1861 1255 1924 Est
1271 1861 1359 1944 igitur
1374 1861 1445 1925 illud

278 1964 512 2028 conditionaliter
526 1965 648 2038 dictum,
675 1965 785 2028 omissa
800 1965 967 2050 hypothesi,
994 1966 1104 2050 quippe
1119 1983 1209 2047 quam
1224 1965 1376 2028 subaudiri
1391 1965 1446 2028 de·

278 2067 348 2130 bero
363 2086 411 2130 res
426 2067 489 2150 ipsa
509 2077 697 2132 monstraret.
741 2067 843 2150 Neque
863 2068 1003 2131 abhorret
1022 2068 1071 2130 bic
1085 2086 1158 2130 usus
1173 2067 1319 2131 indicativi
1334 2069 1446 2152 imper-

133 2249 142 2258 ·
277 2169 356 2244 lecti,
372 2179 407 2234 ut
420 2171 656 2234 conditionaliter
669 2171 761 2254 accipi
776 2171 891 2246 debeat,
907 2171 943 2234 ab
959 2171 1140 2252 optimorum
1155 2171 1335 2255 scriptorum
1352 2191 1446 2234 more.

278 2273 341 2337 t'td.
355 2273 499 2337 liraltenb.
515 2275 551 2338 ad
568 2274 628 2338 tta.
644 2274 798 2350 XXbl'lll,
815 2274 845 2349 2,
862 2275 891 2337 2.
907 2273 982 2346 ΧΗ,
999 2274 1051 2347 lt,
1063 2273 1092 2335 t.
1108 2273 1229 2355 liniger.
1245 2275 1281 2336 de
1296 2281 1446 2338 consecut.

277 2386 370 2460 temp.
386 2377 417 2440 in
438 2377 502 2440 eius
518 2387 633 2460 quaest.
650 2379 782 2441 Gramm.
805 2379 981 2455 (Grammat.
998 2374 1192 2454 Untcrsuch.)
1215 2377 1241 2438 ll
1264 2397 1293 2461 p.
1310 2375 1382 2439 366.
1404 2375 1446 2438 ld.

281 2489 435 2561 grammat.
458 2480 508 2543 lat
531 2485 558 2557 5.
575 2479 647 2544 tut.
671 2481 788 2566 Zumpt.
811 2485 839 2558 d.
855 2481 928 2544 etti.
959 2481 996 2542 Et
1011 2479 1138 2542 Graecos
1160 2497 1280 2561 quoque
1295 2496 1447 2541 nonnum·

279 2601 369 2666 quarn
383 2584 427 2647 sic
440 2583 521 2646 bunc
536 2583 724 2648 indicativum
740 2584 856 2669 imperi.
871 2585 983 2666 absque
999 2583 1140 2669 particula
1163 2573 1205 2645 iia
1225 2600 1368 2666 usurpare
1388 2599 1446 2644 no·

276 2695 412 2751 tumcst.

362 2787 597 2873 eap.x.ttt,t:
624 2788 772 2854 Nullum
798 2789 840 2854 ab
861 2789 1032 2874 dgricola
1057 2791 1223 2878 positum
1251 2790 1446 2854 castellum

277 2903 338 2960 aut
358 2894 392 2958 ri
413 2893 576 2958 bostium
597 2901 851 2978 expugnatum
872 2903 937 2958 aut
958 2895 1040 2978 iuga
1060 2896 1269 2974 desertum3
1291 2897 1446 2960 crebrae

276 2995 518 3082 eruptionem
540 3016 618 3060 nam
634 2998 809 3061 adversus
826 3017 944 3064 moras
959 2999 1168 3064 obsidionis
1183 2999 1314 3065 annuis
1329 3001 1446 3085 copiis

277 3101 533 3166 firmabantur.
556 3101 610 3164 lta
627 3099 812 3186 intrepida
827 3101 880 3166 ibi
895 3102 1012 3166 biems
1027 3109 1064 3166 et
1078 3103 1151 3166 sibi
1166 3105 1323 3186 quisque
1338 3123 1445 3186 prae·

277 3205 384 3268 sidio.
428 3203 494 3267 Non
520 3203 624 3267 iniuria
644 3202 775 3278 tt'extus,
800 3204 931 3290 Prolegg.
954 3227 982 3290 p.
1004 3205 1077 3278 lbi,
1101 3207 1315 3272 sententiarum
1335 3226 1445 3272 nexum

278 3307 385 3373 mirere
411 3307 580 3372 conturbari
609 3326 644 3370 ac
672 3325 794 3393 prorsus
823 3310 952 3375 subuerti
982 3309 1116 3394 queritur
1140 3311 1322 3394 interpositis
1349 3310 1446 3376 verbis

279 3411 428 3476 crebrae
446 3412 681 3494 eruptiones,
702 3411 810 3496 quibus
830 3414 947 3478 omissis
968 3413 1068 3478 omnia
1082 3414 1197 3496 egregie
1221 3415 1322 3478 etrite
1338 3433 1443 3500 proce·

278 3516 358 3578 dunt
402 3515 484 3581 llanc
498 3515 537 3580 ob
551 3533 670 3580 musam
687 3515 732 3579 illa
747 3516 833 3579 rerba
850 3517 965 3581 uncinis
980 3517 1097 3581 inclusit
1112 3523 1216 3602 utpote
1231 3517 1330 3600 aliquo
1345 3537 1446 3582 errore

276 3639 311 3684 er
327 3619 503 3702 glossemate
519 3619 554 3682 ad
569 3638 632 3703 cap.
649 3617 736 3689 tut
762 3619 921 3696 (subitis
935 3619 1171 3702 excursibus)
1198 3621 1229 3684 in
1248 3621 1328 3684 bunc
1347 3621 1445 3684 locum

277 3726 427 3788 translata.
450 3724 482 3788 ld
497 3723 618 3808 quidem
634 3722 732 3787 minus
747 3721 903 3788 uerisimile
919 3724 1043 3798 uidetur,
1058 3725 1110 3790 aed
1127 3724 1235 3790 iustam
1252 3725 1445 3790 offensionem

277 3847 343 3893 esse
360 3829 458 3911 negari
476 3846 538 3892 non
559 3835 666 3912 potest
710 3827 785 3891 Nam
808 3828 887 3910 quod
904 3828 1033 3894 lirltaius
1048 3847 1157 3894 nexum
1173 3827 1386 3894 sententiamm
1403 3829 1447 3895 sie

278 3931 424 3998 declarare
438 3931 546 4006 studet
569 3941 603 3996 ut
620 3931 715 3995 verbis
729 3949 811 3995 nam
827 3965 869 3980 -·
884 3932 1140 4000 firmabantur
1153 3952 1270 3998 oausam
1286 3934 1384 3998 allerri
1399 3933 1446 3998 di·

278 4045 334 4110 cat,
354 4053 408 4100 eur
428 4035 571 4120 praetuta
590 4035 620 4099 ln
641 4035 766 4101 castellis
786 4053 847 4110 non
868 4035 965 4101 solum
981 4037 1097 4102 nullum
1113 4037 1255 4101 damnum
1269 4039 1445 4121 acceperint,

278 4138 329 4203 red
350 4141 439 4204 etiam
458 4139 575 4204 crebras
595 4139 767 4224 eruptiones
786 4139 919 4214 iecerint,
941 4141 1050 4227 quippe
1070 4161 1165 4224 quum
1180 4141 1273 4224 copiis
1289 4142 1319 4206 in
1333 4159 1446 4206 annum

279 4241 404 4324 proriris
418 4243 491 4308 nihil
506 4243 560 4307 illis
574 4243 611 4306 ad
626 4241 807 4308 alacritatem
822 4242 954 4308 demset:
971 4244 1112 4309 obiecerit
1121 4247 1249 4310 tortasse
1258 4245 1374 4328 aliquis,
1389 4244 1447 4308 lroc

348 4461 390 4530 tt)
407 4461 435 4517 ia
446 4465 486 4519 ed.
500 4466 592 4533 prlnaa
604 4481 661 4520 aa!
674 4465 699 4520 Ιι
711 4465 794 4520 altera
807 4467 881 4534 plane
891 4467 952 4520 mibi
963 4467 1114 4522 auertitur.
