3182 4962
759 529 909 631 ..us

248 724 327 790 haurl
355 723 504 790 immerito
531 720 693 788 ridebatur.
744 719 794 786 Sic
821 721 911 804 igitur
932 718 1019 785 etiam
1042 719 1073 784 in
1096 719 1147 797 iis,
1169 739 1245 806 quae
1268 721 1346 808 apud
1368 721 1417 788 Ci-

249 845 387 894 ecronem
414 826 499 892 Cotta
527 834 629 892 contra
656 827 818 910 Epicurum
851 825 1002 908 disputat,
1031 844 1068 888 ex
1101 823 1224 890 alicuius
1250 826 1418 892 Academici

249 931 324 996 libro
349 931 427 995 baud
447 929 535 995 dubie
554 931 658 1014 petita,
679 949 738 995 non
760 949 853 1014 pauca
868 948 935 992 esse
950 929 1099 1004 videmus,
1115 929 1152 992 de
1168 930 1275 1014 quibus
1291 931 1418 998 dubitari

249 1043 388 1118 nequeat,
403 1033 475 1118 quin
491 1051 551 1098 non
566 1035 603 1097 ad
619 1035 771 1100 ueritatem
787 1033 945 1107 dictasint,
961 1034 1014 1097 sed
1031 1033 1123 1116 magis
1138 1035 1208 1117 quid
1224 1057 1259 1100 er
1276 1035 1339 1099 eius
1354 1037 1417 1118 pla·

250 1137 316 1202 citis
330 1137 487 1200 aduersarii
506 1137 612 1200 elicere
631 1147 683 1202 aut
705 1157 792 1220 «prem
814 1137 850 1200 ad
871 1137 994 1200 modum
1016 1155 1052 1202 ea
1073 1137 1225 1220 dillingere
1239 1137 1418 1216 studuerint,

251 1261 340 1324 quam
356 1241 426 1323 quid
440 1239 496 1326 ipsi
511 1241 651 1326 placuerit
666 1243 831 1306 ostendant.
858 1240 946 1304 Modo
961 1241 1040 1304 enim
1052 1241 1167 1306 irrideri
1178 1243 1313 1307 uidemus
1328 1261 1419 1306 unam

250 1347 374 1411 deorum
389 1343 532 1408 visionem
547 1365 564 1408 e
580 1345 680 1408 multis
695 1344 802 1410 iactam
818 1361 968 1426 unamque
979 1345 1103 1408 deorum
1116 1343 1231 1420 taciem,
1248 1365 1308 1430 quo
1324 1347 1375 1410 liat
1386 1355 1420 1410 ut

251 1450 324 1515 nihil
339 1450 415 1513 inter
428 1447 518 1512 deum
533 1457 564 1510 et
578 1449 667 1513 eleum
683 1449 800 1514 intersit
814 1467 869 1513 nec
884 1449 1084 1512 internoscere
1098 1468 1131 1512 se
1146 1449 1203 1534 ipsi
1214 1451 1333 1514 interae
1349 1469 1420 1536 poa·

252 1554 364 1630 simle
381 1551 431 1627 29,
448 1551 499 1616 80.
516 1551 567 1628 30,
584 1552 648 1633 84),
664 1554 755 1618 modo
769 1562 868 1618 autem
881 1571 942 1616 non
953 1553 1050 1616 solum
1062 1571 1150 1617 sexus
1162 1553 1371 1627 diversitatem,
1386 1563 1421 1618 ut

253 1659 302 1724 alii
323 1676 420 1723 marea
440 1657 499 1722 sint
520 1658 593 1721 aliae
614 1657 742 1722 laminae
763 1659 802 1736 (c.
823 1657 874 1732 34,
896 1657 950 1736 95)
967 1666 996 1719 et
1011 1675 1086 1740 quae
1102 1657 1172 1720 hinc
1186 1666 1420 1742 consequuntur,
1512 1677 1514 1684 ’

253 1761 427 1828 concubitus
435 1761 708 1846 putaetliberorum
721 1761 967 1846 procreationem,
977 1761 1028 1824 sed
1040 1761 1128 1824 etiam
1142 1761 1297 1825 barbatum
1310 1762 1420 1838 lovem,

252 1867 393 1952 galeatam
409 1865 568 1929 blinerram
586 1868 625 1946 (a.
642 1865 692 1940 35,
712 1867 796 1943 100),
823 1865 968 1928 lunonem
996 1864 1146 1948 Sospitam
1173 1883 1242 1930 curn
1268 1865 1344 1951 pelle
1370 1886 1421 1930 ca·

254 1971 337 2055 priua
353 1979 383 2032 et
397 1968 531 2034 calceolis
545 1969 682 2052 repandis
698 1973 736 2048 (e.
752 1967 804 2044 29,
817 1967 883 2045 82),
899 1967 982 2050 quasi
994 1969 1066 2032 tales
1077 1986 1180 2052 reapse
1192 1971 1263 2034 deos
1275 1989 1339 2033 esse
1351 1969 1421 2052 Epi·

255 2073 336 2139 curci
351 2072 542 2136 crediderint:
562 2089 637 2154 quae
659 2091 753 2156 quum
776 2071 853 2135 inter
867 2091 898 2134 se
915 2090 1045 2154 pugnare
1061 2083 1215 2155 appareat,
1230 2073 1422 2138 maniiestum

256 2185 303 2240 est
327 2176 385 2239 hoc
409 2175 534 2239 alterum
550 2193 611 2237 narn
627 2195 662 2238 er
678 2175 795 2257 Epicuri
810 2185 861 2238 aut
876 2174 998 2238 alieuius
1014 2175 1150 2258 Epicurei
1174 2187 1273 2240 mente
1299 2177 1422 2252 dictum,

257 2279 309 2342 sed
322 2277 558 2342 aduersariorum
573 2278 755 2340 cauillatione
770 2277 957 2360 suppositum
973 2297 1049 2340 esse.
1094 2279 1238 2360 Epicurus
1254 2279 1317 2344 sine
1332 2281 1423 2344 dubio

257 2382 316 2444 hoc
330 2398 422 2443 unum
438 2379 547 2454 docuit,
563 2380 724 2462 imaginum
740 2381 905 2443 diuinarum
923 2380 1094 2443 transitione
1116 2383 1282 2462 generalem
1303 2382 1423 2465 quidem

258 2483 411 2548 notionem
432 2483 556 2546 deorum
577 2483 706 2546 humana
731 2483 827 2546 torma
853 2483 1053 2566 praeditorum
1079 2483 1185 2546 animis
1205 2483 1327 2547 inditam
1349 2503 1424 2558 esse,

258 2587 294 2651 de
309 2586 431 2670 singulis
446 2596 547 2650 autem
562 2587 634 2650 nihil
649 2571 776 2670 amplius
791 2607 827 2650 ex
842 2587 889 2649 his
904 2585 1067 2649 visionibus
1081 2585 1207 2668 percipi:
1227 2587 1326 2668 itaque
1346 2587 1425 2670 quali

260 2699 359 2756 essent
372 2689 487 2754 actione
502 2691 591 2766 vitae,
606 2695 722 2755 tautum
739 2689 828 2753 modo
842 2689 900 2754 diei
915 2709 1017 2774 posse,
1034 2695 1179 2772 quantum
1194 2688 1270 2752 ratio
1289 2698 1426 2772 posceret

260 2805 311 2860 aut
331 2794 436 2868 terret,
463 2801 496 2856 ut
521 2794 612 2858 vitam
637 2801 759 2876 agerent
778 2793 895 2857 beatam
916 2811 951 2858 ac
964 2793 1194 2876 sempitemam3
1214 2797 1311 2858 cetera
1326 2803 1425 2858 autem

261 2899 376 2974 omnia,
402 2917 461 2979 quo
487 2898 577 2962 modo
603 2897 885 2973 intermiserant,
911 2896 1019 2980 quibus
1033 2897 1232 2980 voluptatibus
1246 2896 1426 2975 fruerentur,

261 3012 291 3069 et
305 3023 381 3088 quaa
395 3001 509 3066 suntid
524 3020 617 3086 genus
631 3001 696 3076 alia,
713 3019 835 3084 prorsus
850 3001 1034 3084 incomperta
1048 3019 1128 3075 esse,
1145 3001 1289 3084 variisque
1303 3001 1427 3084 proinde

262 3106 467 3192 opinionibus,
493 3106 583 3169 modo
599 3104 705 3170 rationi
720 3121 780 3168 non
795 3103 1043 3188 repugnantibus,
1069 3105 1167 3168 locum
1187 3105 1309 3168 concedi
1323 3123 1426 3189 posse:

262 3209 514 3296 quemadmodum
530 3209 618 3274 etiam
634 3210 671 3274 de
685 3209 749 3274 aliis
763 3209 852 3274 rebus
867 3207 996 3292 physicis
1011 3225 1071 3271 uon
1087 3207 1188 3292 paucis
1203 3208 1235 3272 in
1249 3209 1373 3292 epistola
1391 3208 1427 3274 ad

262 3313 433 3399 Pythoclem
458 3313 536 3378 hanc
556 3311 696 3396 opinandi
721 3312 888 3376 libertatem
913 3312 1131 3376 concedendam
1156 3331 1223 3375 esse
1242 3312 1292 3376 ait
1327 3313 1431 3378 Cottae

262 3439 333 3484 rero
359 3418 429 3503 quid
454 3417 626 3500 responderi
642 3435 658 3479 a
674 3415 783 3480 Velleio
797 3413 928 3499 potuerit
942 3415 979 3478 de
993 3415 1062 3478 lore
1076 3413 1213 3490 barbato,
1236 3415 1365 3480 blinerva
1379 3436 1431 3499 ga-

262 3523 348 3596 leata,
363 3522 476 3587 lunone
493 3521 611 3606 Sospita
625 3539 693 3585 cum
709 3519 785 3607 pelle
799 3519 917 3606 caprina
932 3519 1021 3584 etiam
1036 3539 1085 3584 ms
1100 3527 1215 3583 tacente
1228 3537 1283 3584 sua
1303 3519 1430 3604 quisque

263 3637 371 3714 sponte
395 3627 552 3710 intelliget:
579 3643 687 3712 nempe
712 3645 777 3690 esse
801 3625 922 3710 quidem
948 3623 1119 3690 huiusmodi
1150 3623 1276 3690 deorum
1308 3625 1430 3703 formas.

264 3735 367 3820 quales
382 3733 466 3816 uulgo
481 3732 639 3798 credantur
652 3741 682 3795 et
695 3731 852 3814 tingantur,
868 3729 923 3793 sihi
939 3729 1167 3813 haudquaquam
1182 3729 1307 3812 ignotas,
1322 3730 1432 3814 quippe

264 3856 358 3922 quum
384 3837 476 3920 pictas
501 3855 552 3900 eas
578 3843 630 3898 aut
643 3835 774 3915 sculptas
788 3851 1005 3918 saepenumero
1025 3833 1145 3910 siderite
1166 3834 1229 3896 lieri
1250 3833 1339 3915 igitur
1360 3851 1433 3896 sane

264 3959 369 4024 poure,
391 3947 427 4002 ut
441 3937 530 4002 ctiam
545 3937 575 4000 in
590 3935 703 4001 somnis
718 3936 774 4000 sibi
789 3943 963 4014 occurrant3
984 3953 1044 4000 uon
1060 3943 1161 4000 tamen
1175 3946 1237 3999 tarn
1257 3935 1382 4000 stultum
1399 3955 1432 3999 aa

266 4063 342 4118 esse,
357 4052 392 4108 ut
404 4043 457 4106 has
471 4041 584 4106 turmas
598 4059 634 4105 ex
648 4059 716 4104 aera
730 4047 761 4104 et
775 4039 947 4124 incorrupta
961 4038 1126 4104 divinarum
1142 4037 1304 4122 imaginum
1320 4037 1432 4103 risione

267 4147 380 4225 ductas,
391 4167 426 4212 ac
436 4163 497 4210 acu
509 4145 610 4232 potius
620 4143 737 4211 aliunde
751 4149 837 4209 natas
852 4153 882 4208 et
895 4162 998 4210 erroro
1013 4150 1130 4209 tantum
1145 4143 1176 4208 in
1190 4144 1262 4208 deos
1276 4142 1433 4207 translatas

267 4269 332 4317 aare
345 4251 502 4316 existimet

352 4355 432 4420 llaec
445 4355 535 4420 habui
549 4373 623 4436 quae
639 4353 677 4418 de
692 4353 809 4440 Epicuri
823 4353 969 4438 theologia
984 4353 1124 4425 dicerem.
1140 4369 1201 4415 nou
1212 4368 1273 4434 quo
1284 4368 1349 4413 eam
1361 4367 1433 4434 pro·

268 4456 382 4531 barem,
396 4491 440 4505 -
454 4475 515 4521 non
530 4457 609 4521 enim
627 4457 788 4540 Epicureus
803 4476 881 4528 sum,
896 4491 940 4506 -
952 4457 1005 4522 sed
1020 4466 1055 4522 ut
1069 4455 1237 4520 conferrem
1259 4453 1364 4518 saltem
1379 4452 1434 4518 ali·

271 4557 357 4644 quid,
384 4577 444 4642 quo
467 4569 520 4628 aut
545 4567 684 4644 corrupta
708 4567 739 4624 et
763 4559 890 4624 chorea
909 4569 1042 4625 setemm
1063 4559 1244 4644 scriptomm
1264 4554 1435 4622 neomenia
