3266 4958
795 447 944 546 —s-o-

286 657 368 714 ersc,
393 654 432 700 ua
457 635 501 700 sic
519 637 625 700 turbae
647 637 866 720 seditionesque
885 644 916 701 ct
934 635 1096 702 certamina
1116 636 1254 700 intestina
1273 638 1453 714 exonannu,

285 741 319 804 in
344 740 451 824 quihus
475 739 561 804 laelio
588 741 652 804 deri
671 741 780 824 possit,
807 751 841 804 ut
861 743 906 806 vir
924 741 1065 806 isodorus
1085 749 1117 804 ct
1135 739 1280 823 gratiosus
1300 741 1454 825 imperitas

285 843 483 908 multitudinis
497 844 597 908 lavore
612 845 649 908 ad
664 845 823 929 imperium
838 843 989 908 evehatur.

372 947 467 1012 Porro
493 947 541 1010 alii
566 957 638 1011 suut
663 949 735 1022 loci,
761 950 813 1032 qui
833 948 980 1014 ciuitatem
1000 964 1062 1012 nou
1082 945 1209 1030 amplius
1229 943 1375 1027 quietam,
1401 943 1454 1007 sed

285 1050 537 1116 bononiensium
552 1051 765 1135 discordiisque
780 1051 928 1116 intestinis
942 1051 1143 1135 perturbatam
1159 1049 1329 1114 ostendunt
1355 1045 1456 1110 Mouet

286 1157 368 1222 euim
382 1156 531 1239 Theognis
551 1157 696 1230 amioum,
718 1165 752 1221 ut
770 1157 800 1220 in
821 1156 868 1220 bis
888 1155 1043 1222 discordiis
1057 1154 1156 1221 neutri
1170 1153 1246 1239 parti
1259 1172 1293 1217 sc
1306 1151 1455 1234 adiungat,

287 1259 341 1326 sed
356 1260 484 1324 mediam
499 1260 576 1325 niam
592 1267 700 1335 teneat,
715 1279 742 1322 r.
758 1259 830 1323 331.
846 1259 893 1324 2:

389 1354 521 1448 ἥσυχος,
543 1355 659 1446 ιδ’σπερ
681 1355 757 1446 ἐγώ,
779 1355 903 1448 μέσσην
926 1355 1007 1426 δδδν
1027 1355 1120 1443 ἔρχεο
1142 1360 1273 1438 ποσσίν,

474 1459 555 1553 μηδ’
576 1457 722 1549 ἑτέροισι
744 1459 868 1540 διδυίς,
893 1457 1010 1546 Κύρνε,
1033 1459 1077 1530 τὰ
1097 1461 1162 1530 τῶν
1183 1457 1311 1549 ἑτέρων.

291 1568 322 1634 Ῑι.
343 1587 369 1634 e.
392 1570 453 1634 noli
474 1589 529 1634 uec
548 1571 640 1654 plebis
663 1571 710 1634 ius
730 1587 765 1633 ac
783 1569 949 1632 libertatem
969 1567 1007 1632 ah
1027 1569 1221 1652 optimatibus
1236 1567 1380 1650 opprimi,
1400 1583 1457 1631 uae

290 1672 417 1738 debitam
434 1673 627 1756 optimatibus
642 1673 847 1738 auctoritatem
863 1692 880 1736 a
895 1673 1086 1756 popularibus
1097 1673 1181 1756 eripi.
1207 1671 1283 1736 ltem
1293 1689 1321 1734 r.
1334 1669 1406 1735 220.
1422 1672 1455 1735 la

388 1773 490 1864 μηδὲν
511 1768 597 1860 ἔχον
618 1768 761 1856 iugulis
781 1769 1036 1860 ταρασσομένων
1057 1769 1258 1861 πολιητέων,

476 1873 593 1961 Κύρνε,
614 1874 718 1964 μίορν
740 1869 775 1942 δ’
797 1871 893 1962 ἔρχου
915 1869 1007 1962 τήνδ’
1032 1870 1113 1942 tuna
1134 1871 1248 1960 ὥσπερ
1270 1867 1344 1962 ἐμοί.

290 1981 335 2044 dd
356 1981 435 2043 idem
455 1989 575 2064 tempus
595 1982 744 2064 pertinere
764 1991 838 2064 puto
858 1983 947 2046 etiarn
963 1982 1019 2044 bos
1033 1998 1151 2056 versus,
1173 1980 1270 2062 quiin
1285 1979 1457 2044 huiusmodi

291 2083 445 2148 discordiis
458 2085 531 2147 nihil
546 2084 703 2168 optabilius
718 2103 785 2147 esse
799 2084 891 2158 aiunt,
908 2103 996 2165 mam
1012 2092 1046 2148 ut
1059 2102 1138 2148 unus
1153 2083 1319 2148 inueniatur
1333 2083 1377 2146 rir
1387 2101 1458 2167 pro·

293 2187 358 2262 bus,
374 2187 422 2251 eui
436 2188 509 2250 bdes
523 2187 560 2251 ab
575 2187 715 2251 omnibus
729 2186 880 2264 habeatur,
896 2187 948 2248 77.
963 2187 1018 2250 78:

392 2286 524 2366 Πιστὸς
544 2281 626 2375 ἀνὴρ
647 2291 769 2371 χρυσοῦ
789 2285 905 2353 τεκαὶ
926 2281 1066 2372 α’ρχδρου
1088 2279 1336 2371 δντεριίσοοθαι

479 2383 574 2470 ἄξιος
595 2386 631 2456 ἒν
651 2389 792 2478 χαλεπῇ,
815 2385 929 2474 Κύρνε,
953 2387 1179 2477 διχοστασίῃ..

293 2494 368 2558 Nam
388 2495 461 2557 nihil
478 2495 660 2577 probabilius
677 2503 738 2567 est,
758 2513 846 2576 quarn
862 2496 950 2558 talem
966 2495 1112 2578 designari
1128 2487 1251 2558 πιστδν
1272 2483 1391 2577 ίίυδρα,
1412 2491 1460 2556 cui

292 2598 514 2680 componendae
539 2597 703 2662 discordiae
723 2597 981 2680 restituendacque
1001 2597 1082 2680 pacis
1102 2597 1254 2681 negotium
1274 2595 1311 2660 ab
1333 2603 1459 2678 utraque

292 2710 376 2784 purte
395 2709 518 2784 pmpter
531 2719 632 2784 parem
648 2701 725 2782 apud
741 2718 847 2764 omncs
862 2701 951 2763 fidem
966 2709 1045 2764 recto
1060 2701 1208 2764 committi
1222 2699 1333 2782 possit,
1353 2717 1461 2780 quem-

292 2803 453 2866 admodum
468 2821 530 2866 non
545 2803 596 2866 diu
610 2813 678 2867 ante
689 2803 869 2886 Theognidis
881 2811 1007 2866 aetatem
1019 2803 1142 2867 Athenis
1153 2805 1265 2868 lactum
1276 2811 1350 2876 erat,
1366 2819 1460 2884 quum

292 2906 430 2972 distracta
455 2907 604 2971 diuturnis
622 2907 834 2972 certaminibus
853 2907 969 2972 civitate
990 2907 1125 2970 omnium
1144 2925 1293 2972 consensu
1312 2905 1459 2989 optimum

291 3010 388 3075 risum
411 3021 458 3077 cst
478 3001 535 3074 ἵνα
555 3006 745 3097 προστάτην
765 3001 871 3096 ἄνδρα
893 3006 1057 3085 πιστόν,
1079 3019 1113 3074 ut
1128 3010 1303 3075 Plutarchus
1323 3009 1376 3084 ait,
1398 3009 1460 3071 Sol.

293 3131 320 3178 c.
338 3115 393 3190 ta,
413 3116 456 3180 roi
471 3115 604 3200 publicae
619 3133 818 3198 praeponere,
839 3114 890 3198 qui
905 3113 1060 3178 turbarum
1076 3132 1179 3177 causas
1193 3114 1320 3176 tolleret.
1350 3109 1462 3175 Simili-

294 3235 352 3302 que
367 3219 490 3282 consilio
504 3219 594 3283 etiam
610 3218 641 3281 in
655 3218 719 3281 aliis
734 3218 899 3282 civitatibus
910 3217 1113 3302 compluribus
1124 3235 1338 3299 nonnunquam
1350 3215 1463 3280 lactum

295 3341 361 3387 esse
375 3327 507 3396 constat,
529 3329 563 3384 ut
577 3320 707 3404 partium
723 3339 871 3385 consensu
885 3322 937 3385 uui
953 3322 1030 3398 viro,
1046 3321 1132 3386 euius
1146 3319 1286 3404 probitati
1299 3329 1331 3384 et
1343 3321 1462 3404 rapicn-

295 3426 352 3491 tiae
367 3445 473 3492 omncs
486 3424 679 3496 confiderunt,
693 3425 925 3489 extraordinaria
940 3425 1084 3508 quaedam
1100 3433 1230 3508 potestas
1245 3424 1289 3486 vel
1302 3424 1331 3486 iu
1342 3432 1461 3508 tempus

294 3529 449 3594 delinitum
464 3531 508 3594 vel
523 3529 620 3612 quoad
635 3527 745 3593 uiueret
759 3529 925 3592 traderetur
939 3529 976 3592 ad
988 3528 1183 3592 ordinandum
1196 3527 1464 3611 corrigendumque

295 3633 337 3698 τοί
362 3633 495 3718 publicae
519 3637 641 3698 statum.
677 3631 715 3695 Et
733 3629 858 3713 Megaris
878 3629 999 3715 quidem
1020 3631 1075 3714 ipsi
1094 3640 1199 3695 nostro
1221 3629 1385 3714 Theognidi
1406 3631 1464 3696 hoc

296 3739 516 3822 componendae
536 3737 616 3820 pacis
637 3719 791 3819 negotium
811 3735 970 3819 aliquando
990 3735 1186 3802 commissum
1199 3734 1292 3800 inisse
1306 3733 1464 3818 suspiceris

298 3851 421 3926 propter
435 3861 462 3906 τ.
477 3841 551 3905 stt.
567 3839 604 3906 8:

396 3941 545 4030 πατρίδα
566 3935 735 4030 κοσμήσω,
758 3939 905 4032 λιπαρὴν
926 3941 1038 4024 πόλιν,
1062 3935 1136 4010 odv‘
1158 3937 1219 4008 ίπί
1241 3933 1338 4030 δήμῳ

481 4040 619 4134 τρίψας,
642 4037 716 4112 οίτ’
739 4037 870 4126 ἀδίκοις
892 4038 1033 4134 ιίνδρδσι
1054 4039 1270 4130 πειθόμενος.

297 4149 373 4214 Nam
387 4149 509 4215 verbum
524 4150 658 4232 κοσμεῖν
673 4151 702 4214 h.
718 4151 738 4215 l.
753 4169 815 4216 non
829 4152 866 4217 de
881 4153 1053 4218 celebrande
1067 4163 1099 4217 ct
1111 4153 1257 4220 laudanda
1268 4150 1321 4216 sed
1333 4149 1371 4215 dc
1383 4149 1465 4214 ordi·
1519 4147 1520 4152 ’

298 4253 396 4318 nanda
409 4253 523 4319 civitate
537 4253 596 4321 dici
610 4255 800 4320 manifestum
815 4265 870 4333 cst,
886 4276 946 4341 que
957 4277 1048 4324 seusu
1058 4259 1150 4323 etiam
1161 4277 1297 4324 summos
1308 4254 1463 4339 magistra-

299 4355 392 4422 tusiu
411 4358 562 4424 nonnullis
578 4359 743 4426 civitatibus
761 4353 907 4442 κόσμους
923 4355 953 4426 ἐ.
971 4354 1131 4445 κοσμίους
1145 4371 1197 4428 aut
1209 4353 1467 4446 νοομοπόίιδας

301 4458 394 4528 dem
412 4479 480 4528 εειε
499 4479 589 4530 name
608 4461 712 4531 nasdt
740 4463 866 4551 igneve
879 4465 957 4534 bure
970 4465 1051 4535 serbi
1064 4466 1311 4553 υίςαίδιειίοοεαι
1323 4465 1385 4532 hoe
1396 4463 1465 4532 loeo
