3186 4958
826 505 889 600 ras

156 693 166 710 ⁸
272 694 391 780 proprie
406 692 492 756 dietis
505 692 573 756 addi
588 694 754 770 solentu),
770 695 904 776 ‹quovnvvis
918 713 980 760 non
994 697 1142 780 ignoraret
1155 700 1243 764 etiam
1260 703 1442 786 appellativis

273 808 305 862 et
322 796 470 860 adiectivia
490 796 661 859 nominibus
681 796 810 878 ipsisque
825 799 899 860 adeo
915 801 1058 862 adverbiis
1073 802 1208 866 adverbis
1224 823 1440 888 nunnunquam

273 900 349 962 addi.
380 900 492 974 Quodsi
513 899 579 978 quis
600 909 699 960 tamen
720 899 899 980 probabilius
914 901 970 963 sibi
986 902 1075 964 videri
1091 903 1178 980 vlicat,
1194 906 1322 969 nominis
1338 907 1442 970 inven-

274 1009 369 1064 torem
386 999 465 1064 illam
481 1000 614 1062 latiorem
632 992 779 1082 dripruroe
791 1001 1033 1082 signilieotionem
1047 1005 1082 1066 de
1094 1024 1152 1086 qua
1163 1025 1251 1088 supva
1264 1008 1375 1070 dietum
1388 1018 1441 1084 est,

274 1103 303 1166 in
313 1111 411 1166 mente
424 1101 569 1172 babuisse,
581 1101 716 1181 redargui
728 1112 807 1165 certe
819 1121 879 1166 non
891 1107 1000 1186 poterit
1011 1109 1019 1148 ¹
1030 1109 1068 1186 5).
1084 1141 1128 1152 -
1142 1109 1271 1172 Omnino
1284 1119 1384 1173 autem
1395 1112 1441 1174 ia-

273 1207 395 1269 tendum
411 1215 457 1268 est
472 1205 549 1268 bano
562 1203 599 1268 de
614 1203 757 1266 adverbiis
772 1205 936 1270 doetriumu
953 1209 1211 1289 gramvuatieorum
1229 1212 1329 1274 multis
1344 1213 1442 1275 modis

273 1310 449 1391 reprebendi
464 1328 561 1392 posse,
578 1329 671 1392 quum
686 1319 717 1372 et
731 1310 920 1374 confuderint
936 1312 1039 1374 diversi
1056 1313 1172 1394 generis
1188 1333 1283 1386 voces.
1298 1333 1394 1396 neque
1409 1335 1442 1378 eo

274 1432 349 1495 quoa
364 1413 427 1476 iure
442 1413 577 1475 adverbia
593 1413 649 1475 diei
664 1413 766 1476 liceret
780 1414 852 1477 satis
868 1413 961 1496 perite
972 1415 1002 1476 in
1014 1415 1126 1496 species
1138 1433 1206 1478 suas
1217 1416 1441 1498 disposeuerint.

273 1519 370 1598 Atque
385 1517 409 1578 is
424 1517 497 1598 ipse,
512 1517 564 1598 qui
579 1537 595 1578 a
611 1515 759 1597 plerisque
775 1525 896 1598 propter
910 1515 1103 1579 subtilitatem
1126 1517 1237 1579 laudari
1251 1519 1335 1592 solet,
1352 1519 1442 1600 bpol-

272 1600 370 1682 loniui
386 1617 537 1700 llpseolus,
553 1618 582 1681 in
598 1617 643 1680 bis
659 1637 733 1700 quae
748 1619 785 1682 de
800 1619 945 1680 adverbiis
961 1620 1102 1701 praecipit
1117 1619 1163 1681 via
1178 1620 1299 1700 dignum
1309 1641 1343 1683 ea
1358 1621 1443 1684 laude

273 1742 305 1784 se
319 1727 457 1804 praestat.
488 1722 692 1785 llelioitionem
716 1723 855 1804 proponit
875 1723 951 1786 bano
964 1724 1028 1802 ιθ’);
1055 1715 1145 1786 ἔστιν
1167 1715 1333 1806 ἒιιίρρρμα
1355 1719 1444 1800 λέξις

274 1815 408 1901 dolator
433 1825 663 1910 κατηγοροῦσα
688 1821 753 1888 τῶν
780 1819 815 1889 ἐν
839 1825 911 1901 τοῖς
932 1817 1077 1910 ῥήμασιν
1098 1818 1271 1907 ἕγκλίσεων
1292 1819 1443 1889 καθόλου

274 1917 296 2014 ἢ
317 1925 470 2014 μερικῶς,
499 1914 545 1990 ὧν
568 1919 644 1992 doro
665 1920 704 1993 σι’
726 1923 935 1993 κατακλείσσι
961 1923 1126 2003 διάνοιαν,
1154 1929 1184 1992 in
1200 1947 1257 2011 qun
1273 1929 1443 1994 delinitione

274 2029 365 2115 ῥῆμα
379 2033 451 2096 nibil
466 2033 544 2096 aliud
560 2053 636 2110 esse,
652 2051 741 2114 quum
758 2034 837 2116 quod
854 2034 972 2116 proprie
988 2034 1097 2095 verbu
1109 2053 1138 2094 m
1153 2053 1169 2096 a
1184 2033 1382 2114 gvmnmutiois
1397 2033 1443 2097 di·

274 2136 360 2210 eitur,
382 2136 574 2198 manifestum
596 2145 651 2198 est.
679 2137 787 2198 Omisit
809 2137 897 2218 igitur
910 2136 1082 2218 Apollonius
1099 2137 1242 2218 participii
1260 2137 1441 2200 montionem

272 2239 379 2314 lacere,
395 2240 432 2301 ab
447 2239 511 2322 ipso
526 2239 602 2302 sicut
617 2260 633 2301 a
649 2239 754 2300 ceteris
776 2239 976 2319 grnvnmntieis
999 2257 1060 2300 non
1074 2239 1138 2301 siue
1154 2258 1241 2302 eausa
1256 2261 1272 2302 a
1290 2240 1378 2302 verbo
1393 2263 1443 2303 se-

273 2341 375 2416 iuncti,
390 2342 441 2405 sed
462 2341 509 2404 eui
530 2359 591 2404 non
611 2343 710 2404 nivinus
735 2350 836 2404 minen
851 2361 942 2423 quam
958 2342 1047 2404 verbo
1062 2341 1199 2403 adver-bin
1214 2341 1281 2403 addi
1297 2361 1365 2404 mox
1381 2343 1444 2426 ipsu

274 2446 418 2524 dooet¹⁷)
445 2445 570 2525 ideoque
592 2445 792 2507 delinitionem
814 2463 899 2507 suam
922 2444 980 2506 hoo
995 2444 1111 2506 delectu
1128 2445 1261 2506 laborare
1277 2447 1443 2508 comitetur.

273 2547 381 2614 Omisit
407 2566 495 2629 porro
521 2547 611 2610 etlam
632 2547 802 2610 nominibus
825 2547 955 2628 ipsisque
974 2547 1048 2610 adeo
1068 2545 1211 2609 adverbiis
1227 2546 1363 2610 adverbia
1378 2549 1445 2611 addi

272 2669 370 2734 posse,
385 2649 465 2712 velut
476 2667 569 2730 quum
584 2647 711 2712 dicimus
721 2642 813 2726 μάλα
824 2645 956 2724 πολλοί,
972 2641 1130 2723 ἐπιεικῶς
1145 2641 1295 2733 σώφρων,
1311 2643 1445 2733 σφόδρα

274 2747 383 2828 καλῶς
394 2771 428 2814 ae
441 2751 557 2814 similia.
587 2751 774 2830 Quamquam
792 2751 863 2812 haee
877 2749 977 2813 minus
993 2750 1192 2831 reprebendo:
1215 2751 1349 2814 excusari
1364 2752 1445 2814 enim

274 2855 372 2937 aliquo
388 2854 479 2916 modo
494 2863 629 2934 possunt,
650 2861 681 2914 et
700 2852 871 2916 eommunia
893 2861 965 2916 eunt
979 2851 1135 2934 Apollonio
1156 2872 1224 2916 cum
1240 2854 1355 2916 ueteris.
1386 2855 1446 2918 Sed

273 2957 353 3038 quod
374 2955 429 3018 sibi
451 2955 604 3038 proprium
620 2955 718 3030 babet,
739 2955 777 3018 ed
793 2955 899 3018 modos
915 2956 1072 3018 verborum
1089 2955 1235 3036 pertinere
1251 2975 1275 3018 s.
1292 2955 1441 3020 demodis

273 3058 381 3141 aliquid
402 3059 515 3122 ediume
534 3059 679 3132 adverbia,
707 3059 816 3122 mirum
837 3065 981 3140 quantum
1003 3076 1019 3120 a
1039 3059 1161 3119 veritate
1180 3057 1330 3120 abhorret.
1367 3059 1445 3123 Nam

273 3165 412 3246 pleraque
431 3161 577 3238 adverbia,
603 3182 636 3225 ea
657 3163 760 3244 utique
781 3161 891 3234 omnio,
918 3180 992 3243 qum
1012 3159 1079 3232 loci,
1107 3159 1260 3241 temporis,
1285 3162 1444 3242 qualitatis,

274 3267 448 3351 quantitatis
466 3265 710 3348 significationem
731 3265 849 3338 babent,
873 3283 994 3347 prorsus
1009 3262 1081 3326 nibil
1096 3263 1132 3325 ad
1149 3263 1306 3326 modorum
1323 3265 1391 3341 vim,
1413 3265 1442 3329 h.

274 3387 300 3434 α
314 3371 351 3434 ad
367 3369 568 3434 modalltatem
580 3369 799 3442 enuntiationis,
812 3369 971 3451 pertinent,
988 3367 1038 3430 sed
1055 3366 1262 3428 tantummodo
1274 3365 1310 3430 ad
1321 3367 1444 3433 actionis

273 3473 443 3548 notionem,
468 3493 544 3558 quae
569 3472 600 3538 in
625 3492 745 3558 equoque
765 3471 855 3539 verbo
869 3473 956 3548 inest,
982 3479 1167 3556 possuntque
1192 3481 1349 3555 propterea
1373 3491 1443 3538 eum

347 3757 389 3824 rt)
408 3757 461 3811 lloc
477 3758 649 3826 grammatici,
669 3775 775 3827 quorum
791 3759 951 3813 definitiones
968 3765 1071 3824 estaol,
1087 3771 1173 3808 ennea
1192 3753 1354 3823 profiteatur.
1381 3757 1440 3812 vlu.

274 3841 381 3914 Dionys.
391 3841 454 3896 Thr.
466 3861 491 3912 ρ.
504 3843 564 3897 dll.
590 3844 674 3898 Sobel.
688 3847 759 3898 llieo.
772 3864 795 3916 p.
808 3847 869 3912 dli,
882 3847 907 3898 ³.
920 3845 980 3910 sal,
993 3843 1035 3896 28.
1048 3843 1108 3908 933,
1122 3842 1162 3894 18.
1174 3849 1201 3894 et
1212 3839 1256 3894 all.

345 3931 387 3992 lb)
405 3931 426 3982 Α
440 3929 605 4000 pbilosophis,
616 3933 642 3984 lv.
654 3948 677 3985 α.
690 3940 719 3984 ut
730 3933 845 3986 arbitror
856 3946 871 3984 a
882 3931 986 3996 Stobis,
997 3929 1119 3983 adverbia
1131 3927 1208 3980 etiam
1217 3927 1332 4000 qanerali
1341 3927 1440 3981 nomine

273 4011 493 4086 κατηγορήματα
510 4018 609 4086 pariter
623 4033 680 4071 euna
697 4019 784 4072 verbis
801 4016 927 4086 appellata
943 4031 1002 4069 esse
1017 4015 1092 4066 deest
1108 4011 1193 4065 Senot.
1206 4013 1279 4066 ilion.
1291 4028 1315 4080 p.
1329 4014 1388 4079 93²,
1403 4015 1442 4068 ¹⁵.

275 4102 311 4157 Bt
321 4111 427 4170 apparet
438 4101 594 4172 ἐπίρρημα,
611 4105 696 4158 riviro
708 4105 780 4158 voris
792 4105 871 4170 lpum
884 4119 929 4172 per
939 4119 969 4157 αα
981 4107 1135 4170 spectemur,
1152 4099 1218 4150 idern
1238 4101 1303 4167 quod
1317 4113 1443 4170 προσκα-

276 4183 422 4258 σαγόρρμα
434 4188 578 4252 signidem
591 4205 678 4257 porse,
691 4192 755 4244 ends
774 4191 849 4243 etiam
861 4189 1013 4242 lebnitivmo
1026 4201 1040 4237 a
1053 4181 1180 4237 nonnullis
1192 4183 1335 4257 ἐπίρρημα
1346 4183 1441 4236 dietum

277 4287 335 4326 «aaa
346 4288 405 4325 nox
417 4273 568 4341 aldelinus,
584 4283 611 4328 et
622 4291 638 4328 a
651 4275 692 4330 l’r.
705 4275 804 4330 Galeas
820 4275 926 4330 verbu·
938 4269 1008 4340 ἔστι,
1019 4271 1062 4324 ubl
1074 4285 1121 4338 pre
1133 4269 1224 4340 copula
1235 4277 1285 4336 eat,
1296 4268 1441 4344 dntppqprrr

276 4357 329 4413 diri
339 4356 422 4430 psallo
433 4369 493 4414 arto
505 4361 708 4418 memoravimus.

349 4445 390 4508 lt)
408 4445 445 4498 br
456 4446 572 4513 avora..
584 4448 610 4501 br
622 4448 730 4505 missal
742 4449 837 4504 Ααοαδ.
849 4445 870 4502 ll
883 4464 907 4518 p.
917 4447 977 4504 52⁰.

347 4529 389 4599 lt)
405 4529 437 4585 1.
449 4529 467 4584 l.
481 4547 505 4602 p.
518 4533 576 4602 dib,
588 4533 631 4588 2⁵.
