3186 4958
647 533 756 633 -.3³3
793 625 798 631 .

226 723 321 786 Etiam
343 722 379 786 ilo
398 723 541 788 infinitivo
561 744 578 788 a
597 723 747 788 nonnullis
770 723 840 787 olim
856 723 1024 786 dubitatum
1039 733 1095 798 cst,
1110 742 1149 787 an
1163 721 1309 786 adverbiis

140 824 241 909 potins
256 845 345 908 quam
360 828 455 891 rcrlris
470 828 617 892 accenseri
631 825 816 908 ueterem).
838 827 1025 890 llanilestunr
1037 836 1083 889 est
1094 834 1192 890 antem
1205 825 1310 888 liuius·

141 929 221 991 motli
248 929 461 994 dubitationem
483 931 595 994 moveri
618 949 678 993 non
695 931 825 1012 potuisse
848 931 904 992 nisi
919 930 956 992 arlo
972 930 1015 1004 iis,
1042 931 1092 1011 qni
1108 929 1139 992 in
1153 929 1309 1010 utriusque

141 1031 233 1112 partis
249 1033 369 1096 notione
383 1034 547 1096 definienda
562 1054 579 1097 a
594 1033 733 1096 tralaticia
747 1033 1008 1114 grammaticorum
1025 1033 1156 1095 doctrina
1171 1030 1310 1095 ‹lusenti-

141 1143 218 1198 rent
249 1137 388 1200 llelutarc
407 1157 459 1200 cos
476 1137 648 1219 Apollonius
662 1147 797 1210 conatur,
818 1137 854 1199 tle
869 1147 981 1198 constr.
997 1137 1046 1204 lll.
1072 1137 1118 1208 tt.
1141 1155 1243 1199 remm
1259 1135 1309 1209 ita,

141 1247 176 1302 ut
191 1256 246 1303 nec
260 1240 398 1308 nationes.
420 1261 493 1323 quas
508 1240 547 1304 illi
563 1241 655 1304 secuti
670 1243 740 1316 sint,
762 1239 839 1304 tono
855 1241 911 1304 lide
928 1259 1032 1303 earnes
1048 1240 1192 1308 retulisse.
1212 1256 1310 1320 neque

141 1363 201 1417 eas,
216 1363 289 1426 quas
305 1346 413 1418 retulit,
427 1345 499 1408 satis
516 1345 609 1408 lirmis
624 1345 804 1426 argumentis
825 1346 1012 1428 impugnasse
1027 1343 1169 1406 sileatur.
1198 1341 1312 1406 notue-

142 1457 223 1520 runt,
239 1448 343 1529 inquit,
359 1449 534 1512 inlinitivnro
550 1467 605 1531 pro
621 1449 710 1512 rcrlro
726 1448 826 1512 haberi
841 1457 1006 1531 propterea,
1025 1447 1151 1529 nutriet
1167 1447 1311 1531 ψυχικῆς

144 1545 430 1630 &soliacensium
447 1553 637 1626 morlalitatist
658 1553 868 1634 significatione
891 1563 922 1616 et
941 1535 1135 1634 personarum
1155 1569 1189 1612 ac
1203 1568 1311 1614 uumc·

143 1671 245 1716 rorum
272 1654 521 1718 discriminationc
546 1664 668 1726 careret,
690 1656 815 1738 ideoque
835 1674 896 1719 non
918 1655 1017 1719 minus
1037 1655 1158 1718 arerlro
1178 1654 1313 1718 diuersus

144 1765 222 1820 essct
237 1775 326 1838 quam
342 1758 541 1840 participium,
556 1759 636 1840 qarotl
652 1759 689 1821 ab
703 1779 739 1822 eo
754 1761 950 1841 separandum
966 1780 1032 1822 cssc
1047 1759 1125 1822 inter
1137 1757 1312 1840 grammati·

144 1879 196 1922 cos
211 1861 381 1922 constabat:
397 1861 503 1924 deindo
518 1862 666 1925 diversum
681 1882 698 1924 a
715 1865 812 1935 verno,
832 1861 959 1924 similem
974 1871 1074 1924 autom
1089 1861 1227 1924 alrcrbiu
1243 1861 1311 1924 inli-

144 1961 270 2024 nitirum
286 1961 454 2027 balteolum
468 1984 535 2027 cssc
551 1974 716 2046 propterea,
738 1965 818 2044 quod
833 1963 869 2026 ael
885 1963 1118 2026 instaratlserlrii
1133 1961 1312 2026 curatoriis

132 2065 383 2128 construeretur:
412 2083 481 2128 uam
511 2067 588 2129 sicut
615 2057 780 2150 ἑλληνιστὶ
807 2059 923 2146 λέγεις,
944 2058 1033 2142 λέγει
1055 2075 1122 2138 etc,
1151 2064 1195 2127 sic
1222 2065 1312 2126 ctiam

146 2161 286 2250 γράφειν
307 2161 409 2244 θέλει,
432 2163 546 2244 θέλεις
567 2169 633 2240 dici,
655 2167 741 2230 uerba
757 2179 856 2228 autem
873 2183 941 2227 cum
958 2165 1053 2227 uerbis
1068 2165 1201 2246 quamtis
1216 2165 1313 2228 eliser-

144 2288 248 2333 sorum
269 2270 426 2333 modorum
448 2271 491 2335 sic
511 2290 571 2334 non
586 2270 728 2344 constent,
755 2287 850 2350 ncquc
865 2287 1046 2350 quemquam
1062 2269 1159 2332 ‹lia-erc
1174 2261 1316 2353 γράφεις

147 2367 260 2450 λέξαις
281 2382 333 2435 aut
355 2367 496 2456 γράφεις
517 2367 636 2448 θέλοις
650 2393 685 2436 ac
705 2372 819 2435 similia.
851 2371 901 2434 llis
916 2372 995 2454 quod
1011 2371 1140 2452 primunt
1156 2372 1317 2453 apponitur

146 2475 184 2539 ab
206 2475 371 2557 Apollonio,
398 2476 454 2539 dici
477 2485 578 2540 tamen
597 2469 655 2538 ε’ἀν
676 2465 901 2556 &inpensionem
923 2468 1076 2558 πρόσεχε,
1099 2469 1157 2538 icis
1178 2471 1315 2561 διαλέγῃ

146 2571 330 2662 ἐπέστρεφε
351 2572 499 2652 σεαυτόν,
521 2579 722 2642 lutilissimum
749 2589 803 2641 est.
842 2577 885 2640 llli
910 2577 989 2638 enim
1015 2577 1052 2639 tle
1078 2577 1221 2640 eiusmodi
1240 2594 1316 2640 con·

146 2682 307 2744 structione
322 2679 528 2763 loquebantur,
551 2701 625 2763 quac
640 2700 731 2744 unam
745 2681 910 2764 simplicem
925 2681 1159 2744 enuntiationem
1175 2680 1314 2754 enteeret,

146 2784 319 2865 Apollonius
345 2790 444 2846 autom
472 2786 558 2868 plano
582 2785 689 2847 dircrsi
715 2785 831 2866 generis
852 2785 986 2866 exempla
1003 2784 1136 2868 opponit,
1163 2783 1316 2864 inquibus

146 2885 222 2948 duae
241 2885 458 2949 enuntiationes
473 2904 527 2968 per
540 2886 779 2950 coniunctionem
796 2889 873 2950 inter
887 2907 920 2949 se
936 2884 1163 2960 nectuntur³⁰t.
1193 2887 1317 2949 Grauius

146 2997 193 3052 nst
206 2989 348 3052 alterum:
371 3006 408 3052 nc
424 2987 590 3052 istiusmodi
610 2989 729 3070 quidem
750 2990 999 3053 constructionem
1019 2987 1231 3051 inlnritirorum
1247 3006 1317 3051 cunt

147 3093 229 3154 orani
245 3092 402 3156 verborum
433 3110 549 3173 genere,
576 3092 628 3154 eet
654 3111 722 3156 cum
749 3093 784 3156 iis
805 3099 931 3166 lantum,
958 3111 1034 3175 quac
1056 3087 1317 3174 προαιρετικὰε.

146 3196 325 3258 voluntativa
340 3195 409 3269 sint,
426 3205 505 3258 recto
516 3196 692 3278 procedere:
703 3215 768 3260 non
780 3197 860 3259 enim
873 3207 904 3259 ut
919 3191 1012 3258 θέλει
1024 3189 1163 3280 γράφειν
1174 3195 1318 3258 sicctiarn

146 3291 261 3360 τύπτω
277 3291 419 3382 γράφειν
443 3297 501 3361 elici
516 3317 612 3380 prosse,
640 3299 788 3362 diuersum
815 3299 913 3381 itaque
936 3297 1112 3360 infinitivum
1128 3297 1165 3358 alr
1179 3298 1318 3361 aelrerlrio

147 3417 221 3470 esso,
237 3398 321 3461 cuius
336 3416 404 3460 oum
420 3399 516 3462 veritis
532 3401 715 3463 constructio
731 3410 791 3462 tam
808 3399 879 3464 artis
894 3399 1003 3462 finibus
1019 3415 1080 3460 non
1092 3399 1317 3462 circumscriba-

147 3509 206 3560 tur.
243 3500 364 3560 l‘oterat
388 3507 489 3562 autem
516 3501 604 3562 ctiam
631 3501 699 3564 huic
724 3501 883 3565 olriectiorti
901 3500 1083 3584 responderi,
1111 3501 1241 3582 primurn
1256 3517 1319 3563 non

146 3597 244 3661 solum
260 3599 522 3664 cuntroluntativis
536 3602 689 3666 sedetiam
705 3622 775 3666 cuna
787 3603 850 3665 aliis
860 3603 956 3665 serbis
970 3603 1126 3684 permultis
1141 3603 1318 3666 inlinititunt

147 3699 289 3777 construi,
303 3703 380 3764 vetut
390 3719 459 3764 cum
472 3695 627 3782 (innuptos,
642 3693 764 3776 εἴωθα,
777 3695 952 3788 φαίνομαι,
969 3700 1068 3778 δοκῶ,
1083 3695 1214 3784 οἴομαι,
1229 3691 1318 3778 niun,

217 3954 259 4016 29)
278 3953 373 4008 Contra
390 3957 435 4008 laos
446 3955 618 4022 disputatura
631 3954 771 4020 llaerolrio,
783 3958 814 4010 ds
825 3957 878 4010 ἀλλ’.
890 3965 919 4010 ct
930 3971 984 4010 roc.
996 3957 1083 4022 praeci
1097 3957 1219 4027 latinique
1232 3957 1316 4027 vorot,

146 4055 170 4091 c.
187 4038 217 4090 ll
229 4045 289 4091 tom.
302 4038 310 4091 Ι
325 4055 347 4106 p.
360 4041 418 4093 26³.
433 4039 483 4092 lao.
496 4051 523 4092 at
534 4040 566 4092 ab
578 4041 669 4094 ioccrt.
680 4051 747 4094 auct.
761 4043 792 4094 ds
805 4044 884 4095 norbo
895 4059 918 4095 c.
933 4045 957 4095 o.
971 4041 1004 4096 ib.
1018 4057 1042 4108 p.
1056 4045 1115 4095 tut.
1138 4043 1178 4097 cl.
1191 4043 1316 4097 Priscian.

147 4121 241 4186 xvttt,
252 4124 285 4174 nt
298 4139 321 4188 p.
332 4125 382 4176 422
392 4125 470 4176 llerta
488 4133 515 4177 ot
524 4123 694 4178 Clrocrolrorc.
705 4127 730 4178 in
739 4126 817 4178 llclrlr.
828 4128 921 4179 nacci.
932 4125 972 4179 lll.
985 4142 1008 4193 p.
1021 4127 1087 4180 rats
1096 4144 1133 4196 sq.
1144 4129 1195 4191 (ubi
1206 4145 1230 4195 p.
1241 4129 1317 4193 lm,

148 4209 164 4258 5
177 4222 223 4273 pro
235 4203 348 4278 καὶγὰρ
360 4209 437 4262 scrib.
449 4205 520 4262 ellici
533 4207 588 4280 γὰρ
599 4217 626 4261 ct
639 4225 663 4262 v.
681 4209 711 4262 ts
733 4203 831 4280 vinnm
852 4205 868 4277 ἢ
884 4211 992 4280 χριῖμιι
1009 4205 1026 4277 ἦ
1038 4207 1171 4277 λευκότης
1182 4212 1250 4266 noti
1262 4211 1319 4284 priv

148 4290 178 4346 έν
190 4309 244 4344 aare
257 4297 415 4362 θεωρεῖται,
428 4294 497 4348 nori
510 4293 542 4347 rii
553 4291 594 4364 pair
608 4292 644 4346 iu
655 4295 730 4360 reru.)

216 4377 260 4444 80)
280 4375 341 4432 Atio
361 4376 418 4450 peip
436 4375 547 4452 ῥήματα
567 4373 702 4446 atterent
722 4379 754 4434 ir
773 4377 814 4433 tet
835 4375 909 4450 λέγω
931 4377 985 4452 οὐχ
1001 4375 1177 4454 εὑρίσκεται,
1196 4393 1269 4437 recte
1283 4385 1322 4438 ait

147 4463 227 4518 nasot
242 4463 346 4535 liioops.
359 4479 384 4532 p.
395 4465 456 4531 uta,
467 4465 495 4519 22
512 4466 591 4534 igitur
603 4465 627 4518 sl
638 4465 716 4540 ῥῆμα
728 4465 882 4534 infinitivus,
898 4475 970 4521 certa
982 4463 1128 4528 circulis
1140 4469 1218 4540 ῥῆμα
1232 4469 1323 4524 labari

148 4565 198 4601 sca
211 4556 304 4616 potest.
