3186 4958
681 419 834 522 Q

172 612 391 678 Chollidensem
411 632 444 678 se
462 633 529 678 esse
544 613 733 697 profitentem
748 630 776 674 ι.
792 611 866 684 406.
888 609 968 674 unde
982 609 1173 674 manifestum
1188 629 1255 675 esse
1270 628 1341 674 cen·

170 737 272 782 semus
287 736 347 782 non
362 718 453 782 elium
468 718 532 782 eius
547 737 653 801 pagum
669 735 758 798 quam
769 714 916 779 Chollitlas
932 713 1039 790 luisse;
1054 716 1112 778 buc
1126 715 1215 797 igitur
1228 734 1297 778 euru
1308 735 1340 779 se
1412 717 1416 724 '

170 821 316 904 recepisse
331 831 400 903 post
414 841 441 884 ι.
457 822 534 896 303,
557 821 656 903 ibique
671 821 816 902 reliquam
832 817 923 880 totius
937 817 1053 880 tabulae
1064 829 1179 900 partem
1195 838 1289 900 unpue
1303 819 1340 882 ael

171 926 260 988 finem
277 925 376 1007 peregi
391 925 535 988 dicemus.
564 924 602 987 Et
617 925 738 988 luerunt
753 932 863 994 tamen,
880 921 932 1004 qui
947 921 984 984 ele
998 940 1030 984 re
1046 933 1147 985 nostro
1158 921 1266 986 iudicio
1277 921 1340 1004 pls·

170 1028 293 1092 nisshna
308 1028 487 1100 dubitarent,
504 1035 535 1091 et
550 1026 747 1110 lliceeopolin,
761 1025 788 1088 si
803 1023 905 1088 ocinus
921 1024 1018 1106 ipsum
1030 1025 1249 1088 rtclrarnensem
1264 1046 1340 1102 esse,

114 1165 115 1168 ι
171 1151 222 1196 rus
249 1139 349 1196 tamen
374 1141 454 1196 certe
474 1131 617 1196 Acharnis
639 1129 806 1214 possidere,
832 1145 928 1210 eoque
947 1147 981 1191 sc
998 1128 1145 1211 recepisse
1166 1139 1339 1194 statuerent.

172 1236 274 1318 Neque
301 1254 357 1300 nos
381 1253 524 1319 negamus
554 1233 616 1299 hori
636 1233 783 1318 potuisse,
809 1241 844 1296 ut
868 1232 935 1314 quis
955 1231 986 1295 in
1005 1233 1070 1315 pegi
1090 1232 1215 1297 alicuius
1234 1233 1340 1300 tabulis

172 1339 356 1404 lexiarchicis
370 1340 529 1423 inscriptus
541 1349 622 1403 esset
635 1359 670 1401 ea
685 1355 781 1418 eoque
792 1333 1061 1416 cognominaretur,
1077 1335 1107 1398 in
1119 1357 1178 1416 quo
1190 1356 1246 1401 nec
1256 1339 1341 1401 habi·

171 1449 249 1506 teret
269 1443 332 1526 ipse
347 1461 444 1526 neque
459 1441 664 1525 possessiones
680 1439 817 1514 halteret3
835 1457 893 1522 qua
908 1437 945 1500 ele
959 1457 992 1500 ro
1006 1458 1100 1522 quum
1115 1441 1153 1504 ab
1166 1441 1231 1504 aliis
1245 1448 1309 1506 tuna
1324 1459 1340 1504 a

173 1547 259 1610 nobis
282 1545 311 1609 in
331 1546 406 1610 libro
427 1545 464 1609 tle
484 1545 612 1610 comitiis
627 1543 694 1606 htb.
714 1563 744 1625 p.
760 1543 823 1604 366
842 1553 873 1604 et
893 1541 922 1605 in
937 1544 1092 1625 hutitpuitt
1114 1545 1132 1608 i.
1148 1565 1177 1627 p.
1193 1547 1295 1610 Graec.
1310 1568 1339 1630 p.

172 1649 235 1712 202
251 1650 419 1733 expositum
436 1659 491 1712 est.
523 1647 658 1712 Potuisse
674 1646 763 1728 igitur
776 1644 864 1708 etiem
882 1646 1078 1730 Dicacopolin‚
1094 1648 1162 1711 licet
1173 1649 1341 1714 cnuthum-

173 1754 250 1816 sium
271 1773 347 1835 pago
367 1751 548 1834 adscriptum
570 1761 660 1832 atquc
682 1749 751 1812 hine
766 1749 984 1812 lllmilitlcnsem
1006 1753 1264 1832 cognominatum,
1289 1773 1340 1818 rus

173 1862 271 1918 lemen
286 1874 375 1919 suum
391 1857 435 1918 cot
450 1855 591 1919 bohemis
606 1853 650 1914 cel
667 1852 696 1914 in
711 1852 768 1914 elio
783 1852 922 1934 quopiam
935 1872 1010 1934 pago
1023 1854 1130 1916 babere
1140 1857 1339 1920 concedimus.

172 1957 249 2033 Quiri
270 1967 371 2020 autem
392 1975 565 2040 permovere
586 1955 812 2036 Aristophanem
830 1955 974 2036 potuerit,
995 1965 1029 2018 ut
1043 1957 1230 2039 tticaeopolin
1251 1977 1340 2024 suum

176 2063 214 2124 ab
246 2060 303 2125 alio
328 2077 420 2142 quem
446 2059 477 2122 in
503 2077 563 2142 quo
589 2057 735 2120 imbituret
761 2077 835 2140 pago
861 2068 1092 2140 cognomentum
1118 2080 1220 2142 gerere
1247 2063 1341 2137 uellet,

173 2164 291 2228 difficile
314 2163 371 2228 crit
392 2162 429 2228 acl
450 2162 646 2247 prclnntlum.
684 2160 757 2224 Esto
777 2162 875 2238 eninr,
903 2162 983 2244 quod
1007 2163 1097 2228 reteri
1115 2166 1292 2230 scholiastae
1311 2167 1341 2230 in

173 2276 305 2332 mentem
327 2267 406 2332 uenit
426 2285 481 2331 noc
496 2267 631 2350 tterplero
646 2265 810 2348 displicuit,
830 2266 964 2330 allusisse
978 2287 1047 2332 cum
1063 2269 1099 2332 ati
1114 2263 1238 2349 χωλός,
1258 2271 1342 2356 quasi

173 2372 355 2456 Dicaeopolis
369 2391 401 2435 sc
416 2371 554 2437 claudum
570 2391 634 2435 esse
649 2371 771 2447 diceret,
787 2389 847 2455 spuo
863 2372 1131 2439 benevolentiorem
1148 2375 1269 2440 heberet
1280 2377 1341 2441 Eu·

172 2477 297 2560 ripidem
317 2475 492 2540 mendorum
514 2485 692 2550 amatorem,
713 2475 816 2558 quales
836 2477 921 2540 ntulti
935 2477 966 2541 in
981 2479 1044 2542 eius
1059 2481 1214 2562 tragoediis
1228 2489 1341 2546 essem:

174 2599 354 2664 quamquam
376 2579 449 2644 mihi
470 2580 527 2643 hoc
546 2579 634 2643 ninris
654 2579 741 2662 longe
760 2581 920 2661 repetitum
939 2593 969 2643 et
988 2583 1121 2664 argutius
1135 2619 1179 2631 -
1193 2605 1231 2648 ue
1245 2587 1341 2650 «licam

172 2683 328 2748 absurdius
347 2717 391 2729 -
410 2701 499 2764 qoam
527 2682 708 2765 probabilius
733 2684 932 2764 excogitatum
957 2705 1023 2750 esse
1044 2685 1174 2752 cicietur:
1199 2699 1341 2765 attamen.

173 2787 288 2850 etiamsi
310 2787 367 2851 bac
380 2803 468 2850 musa
483 2795 654 2868 permotum
670 2805 737 2850 esse
751 2787 977 2870 Aristophanem
993 2807 1163 2864 sumamus,
1183 2799 1216 2856 ut
1231 2795 1341 2860 tholli-

172 2889 295 2953 densent
316 2889 418 2971 potius
438 2889 626 2972 llieaecpolin
647 2907 738 2972 quam
762 2895 815 2953 cul
836 2891 1031 2973 (lollptensem
1052 2905 1104 2958 aut
1123 2895 1341 2978 l'hcgaeensera

143 3055 149 3066 ,
171 3003 223 3072 aut
242 2993 455 3074 l'vrgasenscm
476 2993 600 3068 luceret,
621 2993 702 3056 unic
722 2993 842 3057 tandem
863 2995 938 3058 ellici
959 3004 1071 3076 potest,
1091 3015 1161 3060 eum
1176 3017 1237 3063 non
1252 3003 1342 3066 ctiam

171 3115 240 3160 rere
261 3095 479 3159 Chollidensem
507 3097 537 3160 Ιι.
565 3116 592 3158 c.
619 3095 685 3178 pagi
707 3097 907 3160 Cholliclarum
934 3097 1129 3163 habitatorem
1157 3103 1342 3188 llicaeopolin

172 3197 273 3263 haberi
301 3195 453 3262 voluisse?
481 3199 565 3262 Eilici
590 3199 648 3262 hoc
667 3201 701 3260 u.
718 3197 857 3262 hlhllteros
879 3220 966 3286 posse
986 3203 1078 3267 eretlit
1096 3205 1214 3270 doctius
1237 3209 1341 3282 remis,

172 3303 279 3387 qulbus
295 3302 481 3388 Dicaeopolis
495 3302 591 3366 utitur
604 3322 631 3365 ι.
647 3302 699 3376 st,
716 3323 808 3386 spuunt
824 3323 932 3389 pagrum
946 3323 1036 3370 ιιιιιιιι
1051 3327 1084 3370 sc
1095 3307 1261 3375 desiderare
1274 3311 1344 3377 elicit

395 3395 434 3482 th
455 3397 670 3470 οιῑιῐιτιιυίιοιἱ
692 3393 787 3470 einer
808 3397 981 3491 ἄνθρακας
1002 3405 1103 3495 πρίω,

396 3499 456 3571 oie
478 3498 566 3584 ὅξος,
588 3498 649 3572 cic
670 3501 795 3586 ἔλαιον,
818 3501 891 3574 otu’
913 3503 988 3595 ἔδει
1012 3513 1113 3596 πρίω,

398 3599 470 3672 a‘tt’
492 3600 595 3685 αὐταῖς
617 3602 716 3696 ἔφερε
737 3605 860 3674 πάντα.

261 3711 338 3776 ilinc
358 3711 439 3775 euim
454 3713 612 3795 conequi,
633 3711 741 3776 ineius
757 3733 833 3798 pago
847 3713 991 3779 carbones
1006 3735 1066 3780 non
1081 3719 1200 3784 aliunde
1214 3722 1344 3788 insector

171 3823 203 3879 et
217 3835 285 3880 nere
300 3815 460 3890 emendos,
481 3816 534 3880 scd
549 3815 586 3879 ab
601 3816 673 3902 ipsis
687 3817 807 3902 paganis
821 3823 939 3902 paratos
954 3820 1055 3898 luisse,
1077 3821 1106 3886 iel
1121 3837 1221 3888 autern
1237 3827 1343 3890 conia
1415 3885 1417 3888 .

171 3917 387 3983 Chollitlonsem
409 3938 532 4005 papum,
554 3919 607 3983 scel
628 3919 659 3984 in
673 3920 896 3986 hclrarnensem
910 3923 1029 3989 cellere:
1049 3945 1121 4010 ergo
1135 3930 1278 3994 Acharnis
1292 3931 1344 3996 ut·

170 4023 325 4108 ooopotin
339 4041 401 4087 non
413 4023 554 4089 Cholliclie
569 4041 622 4087 rus
635 4043 724 4088 suum
740 4025 891 4090 babuisse.
902 4059 944 4074 -
957 4031 1035 4094 Sene
1047 4033 1192 4115 plurimos
1202 4035 1345 4100 Acharnis

171 4125 359 4192 carbonarios
374 4125 467 4191 luisse
481 4126 556 4191 baec
570 4128 632 4211 ipsa
643 4127 742 4193 lsbula
753 4129 953 4196 demonstrat:
967 4135 1019 4198 recl
1032 4137 1062 4200 bi
1074 4137 1130 4222 ipsi
1140 4139 1345 4206 hcbarnettscs

170 4230 339 4296 carbonarii
353 4231 442 4295 etiam
458 4231 517 4296 boc
530 4231 737 4299 demonstrare
748 4233 895 4314 ridentur,
912 4236 943 4302 iu
954 4259 990 4303 eo
1001 4259 1087 4325 pago.
1102 4242 1153 4307 ubi
1164 4244 1347 4331 llicaeopolis

171 4335 284 4399 habitat
303 4344 333 4398 et
346 4353 395 4399 ree
409 4333 509 4398 omnis
523 4335 592 4400 inde
606 4356 634 4400 a.
649 4357 676 4402 ι.
693 4338 759 4402 203
773 4340 879 4424 agitor,
895 4342 1146 4412 euomuisse
1160 4367 1222 4414 non
1236 4352 1347 4416 ibitlem

169 4447 290 4524 paratos
309 4439 362 4504 secl
377 4437 521 4504 hebernic
540 4441 689 4506 elecctos.
718 4441 795 4507 Nera
814 4463 842 4509 r.
863 4445 943 4525 333,
964 4466 1058 4532 quum
1078 4461 1198 4538 arrepto
1218 4459 1349 4544 cophino
