3166 4962
671 438 824 544 „mq-

163 651 345 718 quamquam
361 634 419 698 lroc
433 631 553 716 quictem
565 631 630 696 loce
642 631 715 696 nihil
727 631 832 707 obstat,
848 630 1008 714 quominus
1023 648 1178 714 cumque
1192 627 1228 693 arl
1245 646 1331 714 prae-

163 737 271 802 cedens
292 737 447 802 relativum
470 757 562 821 queo
582 737 729 820 pertinere
750 736 878 810 dicatur,
899 754 957 819 qua
977 735 1065 800 tmesi
1088 733 1160 798 nihil
1175 733 1254 818 apud
1269 731 1332 798 Lu·

162 841 286 906 crelium
302 841 435 924 aliosque
450 841 635 922 frequentius
650 851 706 906 est.
736 841 839 904 llestat
854 858 932 904 uuus
947 841 1030 904 locus
1045 839 1081 913 ll,
1100 838 1176 903 11οι

263 946 545 1030 Contemplator
565 945 660 1008 enim
681 962 789 1026 quum
809 943 903 1007 solis
923 943 1061 1007 lumina
1076 961 1231 1026 eumque

263 1049 397 1114 inserti
420 1048 583 1113 tondunt
604 1049 697 1114 raclii
719 1067 784 1133 per
806 1067 918 1134 opaca
940 1048 1145 1118 domorum,

265 1155 380 1218 multa
403 1154 545 1218 minuta
567 1155 684 1220 modic
706 1154 837 1220 multis
858 1151 1053 1237 perinane
1074 1147 1218 1213 ridebis

265 1277 418 1341 corpora
441 1258 601 1323 misceri.

163 1361 194 1424 in
206 1361 290 1426 cuius
302 1381 388 1426 versu
401 1363 496 1446 primo
512 1383 667 1447 eumque
682 1363 787 1448 aliquis
799 1382 852 1449 pre
863 1357 1062 1442 aliquando
1076 1356 1187 1422 tliclum
1198 1355 1330 1440 accipiat.

165 1466 223 1529 Sed
244 1485 337 1550 quum
359 1467 514 1550 praecedat
532 1486 661 1551 quum,
687 1467 858 1532 arlo-orlrium
880 1463 1042 1547 temporale
1063 1461 1233 1535 relativum,
1254 1461 1331 1524 irlem

164 1570 225 1636 lere
241 1573 321 1655 quoti
337 1572 484 1655 tqttautlo
500 1572 682 1655 significans,
698 1573 800 1656 quitlni
816 1571 971 1637 credamus
987 1565 1173 1638 Lucretium.
1187 1565 1331 1650 ‹poemat-v

164 1669 1332 1762 modumquantlu·eumqueetuti-cumquelicitureicetiamquum·

164 1799 318 1862 cumque
343 1781 439 1844 dicere
455 1779 613 1862 potuisse?
645 1782 695 1847 Sic
714 1783 876 1846 larttloinus·
895 1777 1013 1852 statuit,
1034 1795 1090 1840 nec
1110 1775 1332 1838 Lachmannttm

165 1883 249 1946 aliter
263 1884 407 1948 iudicasse
422 1883 575 1948 arbitror.¹
586 1887 616 1965 ι)
640 1887 742 1969 ltaque
754 1887 889 1969 exempla
901 1881 1059 1968 particulae
1070 1897 1228 1962 eumque
1242 1879 1332 1942 solitu

165 1987 305 2070 nulloque
326 1987 503 2070 pronomine
523 1998 575 2052 eut
599 1991 795 2071 prenominali
815 1990 937 2053 relatiuo
957 1985 1150 2070 praeccueote
1176 1991 1332 2066 usurpatae

168 2091 267 2154 cornia
283 2099 397 2154 remota
413 2101 498 2154 sunt:
525 2101 657 2156 ceterum
677 2094 831 2157 latendum
853 2104 953 2156 tamen
972 2107 1100 2158 musam.
1119 2104 1172 2150 cur
1191 2086 1231 2150 ita
1247 2104 1334 2150 usur·
1432 2113 1438 2124 ·

168 2195 231 2277 pari
257 2194 432 2276 nequiverit,
459 2195 653 2258 necessariam
680 2197 814 2280 exqrutari
840 2196 885 2259 rix
912 2193 1015 2280 posse‘.
1043 2209 1136 2274 quum
1162 2190 1333 2272 praesertim

169 2299 394 2380 quandoque
420 2318 481 2362 non
506 2319 573 2363 raro
598 2299 722 2375 dicatur,
749 2319 804 2363 nec
822 2319 894 2364 sane
920 2302 1048 2364 multum
1069 2300 1147 2363 inter
1172 2315 1282 2380 quum
1305 2301 1335 2356 et

169 2401 315 2483 quando
338 2402 460 2466 dillcrat.
490 2403 568 2466 ll'ihil
590 2403 678 2486 igitur
697 2404 753 2467 nisi
773 2423 862 2467 usum
885 2405 1025 2486 loquendi
1047 2403 1173 2466 vetuisse
1193 2401 1333 2470 dicemus,

168 2523 206 2566 ne
232 2525 417 2588 quumque
443 2507 533 2570 etiam
557 2509 601 2572 sic
625 2511 722 2572 solum
749 2518 954 2592 usurparetur.
991 2507 1071 2570 lolem
1086 2515 1186 2568 autem
1202 2501 1333 2567 ueuslo·

169 2608 278 2688 quemli
305 2609 420 2672 induxit
444 2611 547 2685 etiam,
574 2621 609 2674 ut
633 2631 784 2696 cumque
809 2609 937 2674 relativis
956 2611 1089 2675 additum
1112 2605 1334 2693 plerumqueitt

169 2709 327 2774 bimembri
343 2722 459 2775 tontum
475 2715 680 2778 enuntiatione
694 2721 900 2798 usurparetur.
920 2717 971 2780 ulti
987 2717 1017 2779 in
1032 2714 1125 2776 altero
1140 2711 1279 2775 membro
1293 2707 1334 2772 rel

170 2815 300 2895 positum
317 2814 360 2876 tel
375 2815 611 2882 sultaurliendum
628 2828 707 2883 esset
721 2821 841 2902 aliquid,
861 2839 921 2904 quo
936 2819 1091 2884 relativum
1105 2825 1264 2898 spectaret,
1288 2809 1335 2877 ulti

169 2935 240 2980 vcro
256 2916 333 2980 nulla
348 2927 428 2981 esset
442 2919 587 2986 eiusmodi
602 2929 750 2987 structura
766 2924 948 2997 trimembris,
969 2922 1009 2986 ibi
1024 2939 1086 2984 non
1108 2939 1151 2984 cu
1161 2938 1267 3002 mque
1285 2915 1335 2982 retl

171 3041 241 3102 que
256 3021 412 3096 «liceretur,
436 3027 607 3104 pronomini
623 3045 683 3090 een
698 3026 818 3091 relativo
832 3027 884 3091 secl
901 3027 1054 3090 indefinito
1065 3025 1212 3088 iunctum.
1244 3021 1337 3086 llinua

169 3137 270 3190 tamen
286 3133 457 3190 constanter
469 3127 548 3190 lrunc
559 3148 646 3192 usum
660 3129 807 3193 obseruari
820 3130 968 3192 ridemus:
984 3147 1053 3192 nam
1070 3131 1293 3213 quicumque
1306 3144 1338 3190 ae

169 3229 275 3292 similia
289 3247 369 3300 raro,
384 3229 462 3311 aputl
478 3232 656 3295 recentiores
672 3233 856 3316 praesertim,
873 3243 1055 3313 usurpantur
1065 3234 1153 3296 etiam
1166 3233 1218 3296 ubi
1229 3232 1337 3296 erulam

160 3323 297 3396 ¹(luorum
315 3332 519 3396 membrorum
533 3333 746 3398 connexionem
761 3335 918 3409 elliciunt‚¹
929 3335 959 3414 ⁵)
974 3344 1004 3397 et
1015 3353 1240 3417 nonnumquam
1252 3335 1338 3399 ctiam

171 3437 348 3520 quisque,
370 3435 509 3520 ubique
531 3457 566 3502 ac
587 3439 693 3502 similia
708 3439 787 3502 itlem
803 3439 883 3522 quod
906 3439 1146 3522 quicumque.
1168 3437 1339 3502 ubicum-

171 3559 240 3622 que
256 3543 362 3616 ralent,
377 3541 408 3602 lt.
420 3561 446 3604 e.
463 3541 551 3604 etiarn
563 3543 759 3606 connectendi
771 3542 974 3607 membrorum
988 3541 1047 3606 tim
1058 3551 1213 3623 tamquam
1224 3540 1339 3606 relatiua

171 3651 319 3706 exercent.

259 3745 444 3810 lolellnitam
464 3745 624 3829 particulae
639 3766 706 3831 que
721 3747 964 3830 significationem
978 3747 1009 3811 iu
1024 3747 1131 3812 ceteris
1146 3745 1339 3830 compositio·
1377 3781 1380 3789 ·

174 3849 261 3914 nibus
277 3849 443 3932 singillatim
459 3851 665 3915 demonstrare
686 3869 748 3915 non
763 3856 866 3935 placet,
887 3871 925 3916 ne
940 3851 1007 3934 quie
1021 3871 1070 3916 mc
1085 3851 1117 3916 in
1131 3869 1164 3914 re
1179 3849 1341 3915 indubitata
1442 3897 1447 3904 .

173 3955 357 4038 minimeque
378 3943 504 4018 'obecura
525 3965 642 4039 praeter
661 3955 867 4020 necessitatem
889 3957 1026 4020 udulum
1041 3976 1108 4021 eece
1123 3964 1237 4038 argum.
1266 3955 1344 4018 Sunt

244 4213 285 4278 ll)
304 4211 342 4267 (li.
355 4213 431 4267 etlate
445 4211 514 4266 llax.
526 4212 641 4266 Schmidt
652 4213 684 4266 tle
697 4227 810 4280 pronon.
824 4229 850 4280 p.
865 4215 910 4268 101
926 4221 953 4268 et
964 4214 1111 4268 uecteettc
1124 4213 1223 4284 Sym.
1237 4215 1248 4266 1
1263 4227 1289 4281 p.
1303 4210 1346 4274 10,
1469 4237 1473 4248 .

173 4299 218 4367 qul
230 4299 328 4367 quiden
342 4314 373 4352 ee
385 4300 416 4352 ie
429 4298 561 4353 iloratiaal
573 4299 673 4367 quiden
685 4297 736 4352 teet
748 4299 858 4353 teettoee
869 4299 996 4354 debitam.
1538 4283 1539 4306 ¹

244 4385 285 4454 11)
303 4383 342 4440 ct.
355 4384 451 4438 Manet.
470 4387 500 4438 al
514 4385 567 4438 (lie.
584 4401 625 4452 ep.
642 4385 673 4438 ad
691 4383 750 4438 lan.
764 4383 793 4450 tt,
803 4385 852 4438 10.
876 4382 1006 4438 lieletlori.
1018 4385 1050 4438 ad
1063 4384 1152 4438 llorat.
1165 4385 1221 4440 Sat.
1233 4381 1348 4452 1,0,11.

174 4469 277 4524 Walcl.
290 4479 318 4524 et
329 4467 413 4524 licita.
424 4472 456 4524 atl
468 4469 530 4524 rae.
542 4471 630 4538 seete
642 4487 665 4524 e.
676 4471 720 4525 00.
737 4469 924 4525 Weissenborn
936 4469 984 4525 (ir.
994 4469 1041 4525 lat.
1052 4471 1070 4540 ί
1082 4473 1134 4526 tut
1145 4481 1200 4526 act.
1212 4471 1238 4527 1.

233 4553 281 4616 tv.
1102 4555 1143 4618 tt
