3182 4962
633 497 781 598 ἐξ--

125 687 213 752 ctiam
220 686 389 762 Democriti,
404 695 435 751 ct
448 686 518 751 laiac
531 687 596 752 siue
610 687 699 754 dubio
710 689 747 752 ad
760 685 919 772 Epicurum
932 695 1102 770 propagata.
1117 685 1220 770 Neque
1235 687 1293 751 du-

126 792 197 864 bito,
219 791 293 874 quin
314 785 398 855 sueri
421 783 591 872 dpmmtov
613 795 643 858 in
665 793 780 878 Epicuri
801 791 898 854 ceritis
919 791 995 872 apud
1012 791 1170 872 [diogenem
1185 792 1222 854 de
1238 791 1295 856 laao

125 896 290 960 divinarum
306 895 466 978 imaginum
487 916 555 962 cum
572 899 663 962 animi
679 911 782 962 natura
803 894 993 960 similitudino
1008 895 1100 982 accipi
1115 895 1234 970 cleliam,
1258 903 1294 960 ut

126 1001 155 1064 di
171 1009 325 1082 propter
342 999 432 1064 lianc
448 997 586 1080 γνωσεοὶ
600 1021 665 1064 esse
681 1001 824 1064 «linantur.
851 999 891 1064 Ea
906 999 1068 1063 similitudo
1084 1011 1162 1064 recte
1178 991 1292 1079 ὁμοει-

127 1095 184 1165 dle
202 1102 257 1165 dici
279 1103 384 1185 potuit,
401 1103 511 1188 quippe
532 1124 624 1188 quum
646 1117 795 1170 constaret
814 1104 902 1178 simili
924 1115 1094 1167 atomorum
1110 1103 1217 1177 lorma.
1239 1122 1292 1168 ro·

126 1207 216 1270 lunda
234 1207 409 1282 illactlevi‚
431 1210 665 1275 utllemocrltus
686 1208 1027 1294 quoquedocueratcli)
1072 1209 1291 1291 Nequel'ellcii
1384 1285 1391 1297 .
1494 1225 1498 1234 ·
1546 1208 1549 1219 “

127 1312 214 1374 rerba
229 1312 305 1394 apud
322 1311 492 1376 Ciceronem
514 1335 539 1378 c
560 1316 607 1388 111,
624 1315 665 1376 tu
689 1316 726 1378 de
741 1313 917 1395 imaginibus
931 1313 1122 1376 similitudine
1137 1324 1168 1375 et
1182 1313 1291 1375 transi·

127 1415 206 1478 linne
223 1417 367 1497 perceptis
383 1417 458 1479 aliud
475 1418 545 1500 (prid
561 1419 723 1500 significare
741 1428 874 1498 possunt,
894 1434 984 1498 qinom
1008 1416 1183 1498 percipimus
1200 1435 1290 1501 prop-

126 1529 172 1582 ter
188 1532 307 1580 natnrae
323 1538 393 1582 suae
409 1539 476 1583 cum
492 1523 592 1582 animo
609 1521 833 1584 similitudinem
850 1531 1078 1602 promptamque
1093 1519 1161 1580 idco
1176 1531 1205 1579 et
1220 1517 1292 1581 laci·

131 1625 187 1684 lena
210 1621 240 1684 ln
261 1623 393 1684 altimum
415 1623 630 1686 transitionem.
667 1625 699 1686 ln
722 1623 839 1705 Epicurl
867 1634 965 1684 amem
990 1622 1085 1684 vernis
1101 1621 1243 1706 proximis
1258 1615 1296 1699 ἐξ

132 1717 335 1803 εῗιεερρίσεως
357 1725 422 1788 τῶν
438 1719 564 1800 dioclem
579 1719 722 1789 εἰδώλων
738 1721 797 1788 e'nl
818 1721 857 1786 ari
881 1716 963 1786 adad
987 1715 1295 1802 ἀποεεεελεσμένων

131 1819 399 1904 denominandos
421 1827 491 1890 illud
519 1821 577 1888 lul
607 1827 646 1890 ari
676 1819 758 1890 erim
781 1821 1086 1907 αἐεοεεεελεσμίεων
1117 1826 1189 1888 nillil
1214 1827 1292 1888 allud

130 1949 193 1990 esse
217 1940 299 2009 puto.
321 1948 409 2010 quam
431 1930 510 2011 quod
531 1931 608 2014 apud
628 1933 800 1994 Ciceronum
824 1949 850 1992 c.
867 1929 908 1992 39
925 1931 964 1992 in.
984 1931 1070 1992 Cotta
1091 1929 1176 2002 dicit,
1198 1929 1293 1991 ltuen-

128 2031 200 2092 tium
217 2031 387 2110 frequenter
401 2033 573 2095 transitione
589 2033 730 2095 visionem
748 2033 824 2104 lieri,
840 2041 874 2094 ut
888 2052 904 2092 c
920 2031 1046 2094 multis
1063 2050 1131 2094 una
1147 2032 1290 2093 videatur.

127 2133 201 2196 Nam
218 2138 296 2195 recte
312 2125 370 2194 lut
386 2129 426 2194 ari
442 2125 524 2196 oderi
540 2135 614 2212 (scil.
633 2129 859 2214 ἀποτέλεσμα)
881 2125 1128 2196 ἀποτελεῖσθαι
1159 2133 1217 2197 dici
1237 2154 1294 2215 po·

127 2244 225 2299 terant
239 2227 417 2310 adstante,
434 2254 560 2316 «puerum
577 2239 698 2301 ellectus
720 2239 789 2310 llaec
810 2249 855 2298 est
870 2239 948 2298 enim
972 2228 1199 2314 ἀποτέλεσμα)
1215 2253 1294 2298 uuus

41 2417 44 2424 .
126 2341 265 2420 idemque
280 2350 373 2408 esset.
395 2349 429 2401 ut
445 2341 540 2400 turma
557 2341 654 2402 diuina
671 2341 816 2403 humanae
831 2357 892 2402 non
907 2337 1050 2402 absimilis
1064 2329 1293 2420 (ἀνθρωποει-

128 2438 206 2521 δεῖς)
227 2442 326 2504 altimo
347 2442 555 2506 insinuaretur.
589 2447 685 2525 Atque
702 2446 867 2506 hircanum
890 2439 999 2524 percipi
1019 2459 1054 2502 ex
1071 2440 1232 2521 imaginum
1248 2439 1295 2502 vi·

126 2545 209 2609 sione
226 2545 370 2626 Epicurus
384 2545 542 2620 statuebat,
557 2555 591 2608 ut
605 2556 705 2608 essent
718 2545 748 2608 di
763 2546 893 2608 bumana
909 2545 1020 2608 lorma:
1037 2543 1178 2607 discretas
1192 2553 1295 2606 autem

126 2658 156 2712 et
170 2649 332 2730 singulares
348 2648 471 2711 deorum
488 2649 599 2712 lormas
615 2649 724 2733 percipi
740 2649 879 2728 negabat,
895 2667 1029 2730 quaeque
1043 2647 1080 2710 de
1096 2647 1142 2710 lais
1157 2647 1296 2710 homiues

126 2752 317 2834 opinarentur
327 2761 489 2835 poetasque
501 2761 531 2815 ct
542 2755 667 2816 artifices
679 2753 831 2832 lingerent,
847 2768 908 2812 nou
923 2770 959 2813 cx
974 2768 1041 2813 veru
1056 2751 1166 2814 risione
1180 2749 1296 2824 hausta.

125 2855 176 2917 sed
198 2853 290 2917 errori
314 2853 423 2916 mentis
448 2854 519 2916 lalsa
545 2855 621 2917 veris
646 2853 835 2917 admisceatis
855 2853 1026 2936 imputanda
1052 2873 1117 2915 csse
1137 2853 1296 2916 statuebat.

91 3013 93 3019 2
126 2955 222 3018 l‘robo
248 2963 347 3018 autem
377 2956 540 3018 cavendnm
569 2965 623 3029 est,
651 2973 688 3017 uc
715 2955 950 3018 adversariorum
969 2955 1201 3018 cavillationibus
1221 2973 1296 3020 con·

127 3058 282 3120 turbemur
301 3067 331 3120 et
351 3057 380 3119 in
395 3075 528 3120 errorem
550 3058 734 3122 inducamur.
768 3057 886 3120 Norunt
901 3055 981 3119 enlm
1001 3056 1053 3138 qui
1068 3057 1098 3119 in
1113 3057 1172 3120 hoc
1185 3075 1294 3138 genera

125 3161 291 3225 litterarum
308 3159 496 3222 mediocriter
516 3159 606 3222 modo
622 3159 825 3231 venatisuut,
849 3169 961 3240 quanto
983 3177 1073 3242 opere
1087 3159 1165 3241 apud
1181 3171 1294 3224 veteres
1313 3157 1319 3165 '
1353 3149 1361 3158 ⁸

127 3261 321 3344 philosophos
336 3259 463 3342 partium
479 3262 576 3325 studia
591 3263 704 3325 veritati
729 3279 944 3342 saepenumero
969 3271 1000 3323 et
1026 3261 1121 3324 bonae
1136 3261 1204 3326 lidei
1219 3264 1295 3324 olle·

127 3365 228 3438 corint,
243 3373 273 3426 et
284 3381 374 3444 quam
387 3363 573 3438 multadciis‚
589 3383 665 3447 quos
679 3365 735 3427 sibi
747 3363 872 3447 quisque
884 3361 1098 3446 impugnandus
1110 3363 1296 3448 sumpsisset,

127 3472 178 3530 aut
193 3467 279 3550 plano
297 3465 369 3528 lalsa
394 3473 424 3528 ct
438 3467 644 3530 commenticia
659 3467 798 3541 dixerint,
819 3476 870 3530 aut
894 3466 1022 3529 absurda
1047 3474 1079 3529 et
1093 3464 1171 3530 iuter
1184 3486 1218 3530 se
1238 3486 1297 3550 pu·

127 3567 245 3650 gnautla
263 3586 300 3630 ox
319 3585 423 3630 eorum
439 3568 552 3650 placitis
567 3569 693 3652 maligna
716 3569 958 3652 interpretatione
972 3567 1135 3642 elicueriut,
1149 3570 1298 3651 quasillis

128 3689 281 3752 nunquam
292 3669 322 3733 in
335 3679 467 3734 mentem
480 3669 593 3735 venisse
605 3672 695 3736 cuivis
706 3671 1296 3737 rerusobricctsevereeramiaautilacilc

128 3782 275 3859 appareat.
310 3772 428 3856 Epicuri
450 3779 621 3858 autemjaut
643 3775 735 3838 vitam
759 3783 791 3838 ot
815 3791 916 3838 mores
941 3773 1085 3838 iulamare
1111 3784 1163 3839 aut
1190 3774 1295 3860 placila

127 3878 279 3958 diffingere
308 3886 339 3943 ct
364 3878 528 3944 adulterare
556 3885 638 3944 unm
666 3877 759 3964 magia
791 3877 917 3942 tortasse
943 3878 1099 3943 adversarii
1126 3879 1214 3945 licere
1239 3879 1298 3945 sibi

128 3987 320 4066 putaverunt,
347 3993 458 4068 quanto
486 3983 579 4068 magis
611 3983 637 4048 is
669 3983 732 4069 ipss
764 3981 883 4066 iniquus
916 3981 1043 4048 morum
1071 4000 1178 4050 censor
1203 3981 1297 4049 laisa

129 4153 331 4170 m-

128 4265 152 4316 p.
168 4245 225 4301 ldl.
249 4243 367 4300 liar-stou.
384 4245 526 4316 Empedoel
540 4263 566 4301 v.
579 4247 639 4302 att.
663 4245 778 4301 l'ararea.
791 4259 817 4314 p.
831 4245 926 4316 illlam
949 4245 986 4298 lle
998 4243 1144 4302 Democrito
1156 4247 1209 4302 vld.
1221 4249 1294 4319 iupa.

129 4333 202 4385 Sext.
213 4331 284 4399 Eup.
302 4329 566 4404 etv.toc.t,1tocq.
590 4333 728 4403 Philipaoa.
745 4327 796 4401 rito
812 4330 944 4406 dadonis.
957 4349 980 4403 p.
993 4333 1054 4389 ato.
1078 4333 1246 4404 rame-rac
1262 4337 1296 4393 da

131 4415 232 4470 atonis.
246 4416 328 4468 doctr.
341 4431 364 4482 p.
376 4417 418 4470 tu.

200 4499 243 4566 aa)
262 4499 394 4554 scamas
408 4502 426 4554 ι.
438 4517 463 4570 p.
476 4502 535 4558 roe.
559 4501 799 4574 ammorreo.
813 4507 855 4560 ae.
879 4505 1125 4578 emancupare.
1157 4475 1161 4480 ’
1213 4507 1216 4512 ·
