3266 4958
776 407 929 508 -so-

349 597 547 664 Pmodioanda
561 595 652 680 igitur
665 605 712 661 est
724 615 830 662 eorum
845 597 1027 682 populorum
1041 595 1177 673 fortuna,
1192 599 1298 680 quibus
1313 601 1435 686 contigit

261 715 296 771 ut
309 705 477 768 ummotm
490 701 636 764 haberent
649 700 720 764 boni
735 720 770 765 ae
782 700 852 765 iusti
867 701 944 782 regio
959 706 1104 783 potestate
1119 709 1214 764 tutam
1229 709 1319 784 atquo
1333 705 1434 768 muni·

262 815 339 870 tam:
360 803 568 886 gratulandum
588 802 678 866 etiarn
694 812 797 866 nostro
812 803 938 885 populo,
959 802 1007 865 oui
1021 801 1092 867 boni
1105 821 1140 867 ae
1153 801 1225 866 iusti
1239 822 1324 886 reges
1338 823 1434 888 nequo

264 906 418 990 superiore
437 915 574 989 tempore
588 923 686 990 nequo
700 905 757 969 hae
770 911 873 969 nostra
887 911 983 968 aetate
998 905 1170 981 defuerunt.
1189 913 1220 968 et
1233 905 1263 968 in
1279 925 1340 990 quo
1354 926 1435 974 nuno
1528 989 1532 996 Ι

264 1011 364 1094 ipsum
379 1009 494 1092 optimo
505 1009 585 1090 Regi,
601 1009 677 1091 patri
688 1007 809 1092 patriae,
824 1007 909 1072 ouius
920 1026 1016 1090 nuper
1026 1017 1156 1072 mortem
1167 1008 1352 1084 deflevimus,
1365 1029 1434 1076 suo·
1502 1031 1505 1037 ·

265 1113 389 1179 oessnse
407 1113 531 1176 tratrem
550 1111 685 1174 vitemus
706 1129 768 1175 non
783 1111 899 1176 minore
913 1111 1021 1176 virtute
1035 1111 1113 1195 regia
1128 1119 1285 1188 ornatum,
1306 1113 1436 1179 venum

265 1222 298 1282 et
317 1215 443 1280 iustitiae
463 1222 629 1288 amantem,
651 1213 782 1276 sinoorae
796 1213 913 1296 pietatis
928 1215 1090 1291 cultorem,
1108 1215 1224 1280 fucatae
1238 1215 1436 1281 simulationis

265 1319 437 1394 inimicum,
457 1328 488 1382 et
502 1319 561 1382 inm
576 1315 690 1378 dudum
704 1315 761 1380 sub
775 1316 876 1381 fratris
889 1336 981 1401 regno
995 1337 1057 1383 non
1072 1319 1173 1383 minus
1188 1319 1332 1403 sapientia
1346 1337 1436 1402 quam

263 1421 439 1488 tortitudine
460 1421 491 1484 in
510 1421 675 1484 muitarum
695 1437 929 1504 magnarumque
944 1440 1045 1487 rerum
1060 1423 1107 1486 rei
1122 1422 1251 1487 civilium
1265 1421 1312 1486 vel
1326 1421 1437 1486 milita·

262 1528 344 1593 rium
364 1523 618 1590 administratione
633 1523 749 1606 egregie
763 1529 940 1608 spectatum.
969 1526 1102 1610 Tempus
1116 1532 1217 1590 autem
1231 1525 1321 1590 huius
1334 1529 1436 1608 gratu·

261 1631 381 1698 lationis
395 1647 458 1694 non
472 1627 562 1692 modo
576 1627 714 1712 priuatim
728 1647 746 1692 a
759 1627 883 1711 singulis
897 1627 951 1692 red
966 1629 1080 1714 publico
1091 1630 1128 1693 ab
1141 1629 1281 1694 omnibus
1292 1647 1438 1712 peragen-

261 1737 319 1802 das
334 1733 449 1800 nullum
464 1731 561 1816 aptius
574 1731 731 1807 habemus,
747 1751 839 1818 qnam
854 1732 933 1798 diem
945 1733 1054 1817 Regis
1068 1733 1206 1810 natalem,
1222 1751 1284 1819 quo
1296 1733 1343 1798 dio
1353 1753 1438 1800 soma

262 1841 330 1907 sios
341 1837 483 1914 natalicia,
498 1837 595 1923 prium
605 1843 675 1922 post
685 1835 754 1902 novi
765 1836 848 1924 regni
859 1836 987 1916 initium,
999 1837 1175 1905 universitas
1186 1845 1289 1904 nostra
1300 1823 1437 1932 sollemni

261 1946 325 2012 ritu
339 1943 521 2010 celebratura
535 1947 591 2007 est.

350 2047 443 2132 Igitur
456 2045 493 2112 ad
508 2045 582 2111 haee
595 2043 705 2129 Regis
719 2044 991 2130 Angustissimi
1005 2045 1179 2112 Guilelmi
1193 2042 1216 2111 1.
1232 2063 1316 2112 soora
1330 2045 1437 2111 natali·

261 2153 311 2219 tia
324 2151 372 2216 die
386 2151 531 2226 manno,
551 2149 581 2212 d.
597 2147 688 2214 xxu.
703 2149 733 2213 ln
749 2168 808 2226 m,
828 2151 904 2214 hora
917 2149 958 2214 xl
973 2148 1021 2234 pie
1035 2149 1210 2216 celebranda
1225 2167 1346 2226 omnes,
1367 2148 1436 2232 qui·

261 2273 382 2338 ermque
401 2255 513 2339 pariter
526 2251 684 2318 nobiscnm
698 2253 821 2322 animati
835 2261 922 2330 sunt,
944 2254 1136 2338 magistratus
1150 2253 1246 2337 regios
1260 2261 1292 2318 st
1304 2250 1435 2328 urbione,

261 2357 365 2423 civiles
384 2367 414 2421 et
435 2355 592 2431 militares,
611 2373 776 2438 omnesque
795 2355 932 2420 omnium
952 2355 1092 2421 ordinum
1107 2353 1185 2419 rivos
1198 2363 1290 2438 atque
1302 2353 1436 2438 hospites

261 2477 324 2544 qua
338 2459 424 2524 donet
437 2455 623 2523 observantia
636 2463 667 2520 et
679 2457 845 2522 moerentia
858 2457 1028 2524 invitamus.

351 2557 1216 2646 ummmcqpunwurimnxxtttotunccffl.
1351 2601 1354 2606 -
