3186 4958
631 469 779 574 ...Q

121 661 157 732 da
183 667 230 751 τῷ
257 659 400 746 cropore
426 657 531 746 λέγειν
552 663 658 726 eodem
678 680 768 726 seusu
789 677 849 741 quo
869 657 980 739 alteque
1002 659 1218 742 praepositione
1239 653 1287 742 aqi

122 763 263 850 στόματι
276 763 381 850 λέγειν
391 767 448 832 dici
460 768 591 851 potuisse
603 765 669 840 rati,
684 774 716 828 et
727 765 824 828 dativo
837 763 1052 826 instrumentali
1066 763 1143 826 illam
1156 761 1285 824 additam

122 893 187 935 csse
212 873 337 936 credunt
364 871 401 933 arl
425 869 594 952 exemplum
622 867 778 932 locutionis
801 865 971 928 Homericae
997 857 1031 927 tle
1059 856 1287 948 ὀφθαλμοῖσιν

121 968 284 1059 dedolet,
307 975 391 1038 cuius
407 992 551 1056 quaenam
567 991 635 1036 sera
650 970 823 1054 significatio
842 970 882 1032 sit
897 986 957 1032 nou
972 968 1108 1030 ridentur
1126 967 1197 1029 sutis
1217 983 1286 1048 per·

121 1081 262 1162 spesisse.
289 1078 435 1140 Nimirum
449 1076 646 1158 comparanda
658 1075 704 1138 illa
715 1084 760 1136 est
772 1091 840 1135 cum
853 1071 916 1134 aliis
927 1071 991 1134 eius
1001 1071 1126 1153 generis.
1137 1067 1188 1132 ιιΙνί
1200 1087 1287 1151 prae·

122 1182 283 1264 positiones
298 1171 355 1255 οῖς.
378 1172 421 1256 ι’ξ,
445 1169 517 1241 άπό
540 1177 580 1240 illi
596 1175 708 1240 nomini
723 1175 876 1238 adiunctae
889 1182 969 1248 sunt,
986 1174 1063 1236 uelut
1078 1163 1138 1236 ein’
1153 1163 1285 1255 ὀφθαλ·

117 1280 205 1358 μῶν,
227 1283 263 1346 ΙΙ.
287 1281 389 1354 xxttt,
413 1281 470 1345 53:
502 1271 587 1366 ὄφρ’
609 1273 685 1363 ἤτοι
707 1279 825 1342 τοῦτον
845 1271 906 1358 μὲν
926 1270 1093 1362 ἐπιφλέγῃ
1116 1265 1287 1356 άνάματον

119 1387 188 1469 πῦρ
209 1381 341 1448 θᾶοαον
361 1375 423 1448 oio’
438 1375 635 1470 ὀφθαλμοῖν,
658 1390 710 1446 ant
724 1375 761 1459 ἐξ
781 1373 979 1466 ὀφθαλμοῖν,
1002 1379 1143 1442 llerodot.
1162 1381 1189 1452 Ι,
1208 1379 1285 1440 Ι2θι

120 1483 178 1550 τόν
200 1483 237 1550 άό
260 1485 369 1550 accido
389 1488 505 1550 τοῦτον
526 1479 563 1564 ἐξ
583 1477 772 1571 ὀφθαλμιῶν
793 1475 1004 1566 ἀπόπεμψαι
1028 1475 1061 1558 ἐς
1078 1477 1288 1562 nigrescant

120 1581 154 1666 ῖς
180 1583 395 1674 ὀφθαλμούς,
423 1589 457 1652 ΙΙ.
482 1587 588 1662 XMV,
616 1591 692 1651 tut:
719 1583 792 1660 πῶς
818 1579 950 1658 ἐθέλεις
977 1618 1020 1630 -
1047 1577 1186 1664 ἐλθέμεν
1214 1570 1288 1658 οΙος

120 1681 241 1774 άνόρός
268 1683 302 1766 ἐς
328 1683 542 1775 ὀφθαλμοάς,
579 1681 617 1765 lig
643 1710 696 1752 τοι
725 1681 850 1764 πολέας
876 1707 913 1750 cs
938 1682 996 1749 ani
1024 1677 1167 1760 ἐσθλοῖς
1194 1677 1288 1760 oldae

122 1787 309 1872 ἐξενάριξας
330 1793 360 1855 in
381 1793 489 1874 quilius
508 1793 648 1856 omnilrus
671 1798 705 1856 ul
732 1810 793 1854 non
814 1801 875 1853 tam
897 1791 998 1852 oculos
1019 1789 1114 1870 ipsos,
1140 1799 1287 1871 quatenus

120 1897 320 1960 instrumenta
341 1895 458 1958 uidendi
479 1901 558 1966 sunt,
578 1915 668 1974 quam
684 1902 876 1975 conspectum
893 1893 1047 1956 oculorum
1062 1891 1218 1971 significari
1232 1911 1288 1973 ap·

118 2009 218 2082 piaret,
240 1999 284 2062 sic
303 1999 393 2061 etiam
418 1990 452 2060 ὀν
474 1987 671 2079 ὀφθαλμοῖς
692 2017 726 2059 ea
749 2015 814 2058 esse
830 1994 978 2066 dicuntur,
993 2013 1068 2074 quae
1083 1993 1113 2056 in
1128 2003 1289 2074 conspectu

118 2102 214 2184 posite
234 2108 322 2174 sunt,
344 2101 433 2166 veluti
449 2099 527 2186 περὶ
549 2101 613 2166 ταῖν
633 2095 668 2167 ἐν
689 2095 881 2188 ὀφθαλμοῖς
902 2095 1127 2183 διαλέγεσθαι
1148 2111 1195 2164 est
1209 2101 1288 2184 apud

118 2203 271 2266 Platonem
287 2201 407 2268 Tlteael.
424 2223 452 2287 p.
471 2206 530 2268 ΙΙΙ
546 2207 568 2272 C
593 2207 745 2288 multaque
759 2207 828 2270 alibi
844 2204 958 2268 similia.
990 2203 1092 2284 ltaque
1106 2202 1194 2266 ctiam
1209 2201 1289 2284 apud

119 2306 286 2368 llomerum
302 2305 372 2368 illud
388 2299 423 2368 λν
445 2299 640 2390 ὀφθαλμοῖς
654 2307 691 2370 do
706 2308 741 2371 iis
756 2309 846 2370 relius
860 2307 976 2378 elicitur,
993 2324 1068 2386 quac
1083 2305 1113 2366 iu
1128 2313 1289 2386 conspectu

118 2407 239 2470 alicuius
259 2417 329 2470 suot
349 2409 392 2471 acl
412 2409 502 2483 dunt.
523 2428 558 2472 ac
578 2409 702 2492 proinde
722 2409 752 2472 in
773 2409 943 2472 hrriusmodi
966 2407 1055 2480 locis,
1071 2406 1167 2488 qualis
1180 2415 1225 2468 est
1240 2405 1289 2468 illc

118 2510 579 2595 Homericus,quemioterprctes
590 2511 797 2586 adhibuerunt,
810 2512 845 2574 ΙΙ.
858 2511 907 2582 ΙΙΙ,
922 2510 999 2574 306:
1016 2503 1058 2571 οἴ
1068 2529 1142 2584 πως
1154 2498 1287 2594 τλνξσορό

119 2607 154 2676 ἐν
175 2603 407 2698 ὀφθαλμοῖσιν
428 2607 580 2696 ὁρᾶσθαι
602 2609 810 2697 μαρνάμενον
823 2611 921 2700 φίλον
934 2603 1008 2677 uitis·
1023 2603 1189 2697 άρφιφῖλιμ
1212 2611 1288 2674 Me·

120 2711 239 2802 νελάιμ,
270 2717 340 2778 illud
368 2709 403 2780 ἐν
430 2707 625 2800 ὀφθαλμοῖς
650 2736 712 2780 non
741 2717 892 2780 minusad
912 2709 1118 2796 μαρνάμενον
1139 2733 1230 2796 quant
1249 2713 1287 2776 ad

120 2809 272 2902 ὁρᾶσθαι
296 2819 443 2902 portinere
458 2819 614 2884 dicendum
630 2829 685 2894 est,
701 2820 856 2905 potuitque
870 2819 935 2882 sine
949 2817 1040 2880 dubio
1054 2815 1144 2879 etiam
1163 2809 1198 2880 ἓν
1220 2807 1289 2900 ὀφ·

120 2919 267 3004 θαλμοῖς
292 2917 382 2998 τινὸς
407 2915 604 3005 μάρνασθαι
633 2923 690 2986 tlici
717 2941 777 2986 nou
803 2921 903 2985 addito
931 2921 1029 3002 aliquo
1050 2920 1140 2982 rerlro
1161 2919 1288 2983 videndi.

120 3027 228 3088 Contra
251 3024 301 3088 ulai
323 3025 401 3088 oculi
422 3033 562 3108 tanquam
582 3026 779 3090 instrumenta
802 3025 919 3088 ridendi
934 3023 1119 3105 cogitantur,
1141 3021 1287 3086 llomerus

120 3147 182 3192 non
204 3127 288 3190 aliter
307 3147 396 3210 quam
416 3127 506 3191 ceteri
520 3129 680 3212 scriptores
694 3129 759 3192 solo
774 3128 872 3192 datico
887 3145 958 3191 casu
973 3127 1082 3198 utitur,
1098 3143 1194 3206 neque
1209 3124 1291 3188 addit

122 3231 370 3315 praepositionem
386 3222 429 3294 λν.
459 3231 500 3294 lle
515 3230 579 3295 aliis
594 3231 673 3315 opud
687 3232 761 3296 alios
776 3231 935 3314 scriptores
951 3229 1159 3302 locutionibus,
1175 3229 1206 3292 in
1221 3229 1289 3310 qui·

122 3335 177 3398 ltus
203 3334 457 3397 instrumentalem
487 3333 575 3398 huius
602 3335 827 3418 praepositionis
846 3335 1087 3416 significationem
1107 3331 1292 3413 grammatici

108 3437 241 3528 quietam
257 3436 313 3498 etti
333 3453 491 3517 agnoscere
506 3437 660 3512 visisunt,
681 3439 830 3522 disputare
845 3439 965 3519 longum
981 3447 1028 3501 est
1042 3455 1140 3519 neque
1154 3435 1291 3500 hocloco

122 3537 330 3602 necessarium.
360 3537 488 3602 'lantum
503 3539 581 3615 dico,
596 3539 735 3623 pleraque
750 3543 884 3624 exempla
899 3559 1054 3624 perperam
1070 3551 1199 3623 accepta,
1213 3557 1291 3603 non·

122 3642 212 3718 nulla,
225 3641 278 3705 scd
293 3659 400 3724 pauca,
423 3660 489 3706 tera
504 3661 586 3716 csse,
607 3643 684 3725 aputl
700 3643 880 3707 recentiores
895 3645 1034 3726 pleraque
1050 3643 1209 3726 minusque
1223 3642 1291 3706 utti-

121 3757 222 3829 gentes
241 3745 401 3828 scriptores
419 3745 546 3810 iutenta.
575 3745 609 3809 ln
623 3746 829 3829 Aristophanis
850 3753 952 3810 autem
972 3747 1118 3810 versiculo
1139 3759 1173 3810 ut
1186 3739 1222 3810 λν
1241 3741 1292 3830 τῷ

123 3843 266 3928 στόματι
288 3847 504 3912 instrumentali
523 3867 614 3913 sensu
634 3849 691 3914 dici
711 3859 800 3932 atquc
821 3869 859 3913 aa
879 3851 1112 3928 indutiarum
1134 3849 1292 3932 significari

42 4005 45 4010 .
122 3951 259 4014 credatur
273 3951 353 4012 nulla
367 3950 500 4032 prolecto
516 3959 671 4014 causaest.
701 3953 797 4015 Suum
814 3952 906 4035 ipsius
920 3973 955 4017 os
969 3953 1114 4034 siguificat
1130 3953 1291 4036 nicaeapo-

123 4053 168 4126 lis‚
180 4053 289 4135 quippe
301 4053 351 4133 qui
362 4043 475 4116 haustis
486 4072 605 4117 oresuo
615 4055 747 4128 indutiis,
763 4064 944 4138 gustumque
954 4055 1093 4120 adlmcin
1104 4075 1156 4118 ore
1168 4056 1291 4132 hebens,

123 4155 208 4238 quasi
223 4155 324 4218 audire
339 4173 442 4218 tacent
457 4173 560 4218 earum
574 4156 630 4220 sibi
643 4157 793 4220 rideatur:
816 4149 852 4220 ἐν
870 4157 920 4243 eqd
939 4151 1011 4243 ὀμρῖ
1030 4151 1176 4240 στόματι
1192 4144 1293 4223 οὖσαν

124 4250 268 4340 λέγομαι.

209 4361 241 4424 ll.
258 4339 320 4422 225
337 4359 534 4442 monopolis,
554 4369 606 4426 ant
621 4362 746 4427 lortasse
760 4361 824 4426 eiua
838 4381 924 4440 uxor,
945 4363 1034 4428 dliatn
1049 4363 1080 4428 in
1095 4381 1205 4450 pompa
1220 4383 1293 4449 pro-
1423 4387 1426 4392 ⁴

124 4460 280 4525 cedentem
294 4461 448 4543 alloquens
462 4461 536 4527 hoec
550 4463 605 4526 ait:
