3182 4962
543 1339 737 1433 tbbblb.
773 1339 833 1430 tb
866 1340 901 1432 P.
935 1329 1034 1428 ⁸288.
1075 1339 1170 1434 NOT.

272 1569 372 1651 Plauti
395 1604 495 1648 versus
517 1585 560 1648 sic
581 1594 614 1648 ut
633 1605 649 1648 a
673 1607 721 1651 me
741 1585 869 1668 scriptus
891 1596 936 1650 est
951 1587 1056 1670 legitur
1071 1587 1100 1650 in
1116 1589 1256 1654 omnibns
1272 1611 1348 1674 quae
1364 1591 1437 1655 mihi

272 1689 307 1754 ad
330 1705 451 1752 martum
473 1698 558 1752 erant
579 1689 773 1764 editionibus,
796 1709 829 1754 ac
850 1698 951 1771 postea
971 1691 1091 1755 domum
1109 1693 1256 1775 Spengelii
1276 1695 1437 1758 editionem

272 1792 416 1874 inspicere
432 1794 525 1875 potui,
547 1792 577 1856 in
598 1811 656 1876 qua
671 1795 814 1877 scriptum
831 1793 904 1857 ridi:
932 1793 968 1857 id
989 1794 1039 1858 ita
1060 1807 1210 1878 experta
1230 1808 1323 1860 eset
1344 1817 1439 1862 nunc

272 1895 466 1980 experiere
492 1915 570 1960 mea
596 1897 856 1970 Phronesium,
879 1897 909 1961 in
930 1899 1080 1963 codicibus
1101 1911 1199 1964 autern
1216 1919 1299 1965 esse:
1328 1901 1362 1963 id
1389 1901 1440 1963 ita

273 2017 354 2062 ease
368 2009 518 2084 experta
534 2019 569 2063 es
584 2009 635 2064 aut
650 1997 698 2064 ie.
729 2001 877 2083 Expunrit
892 2000 981 2082 igitur
996 2003 1170 2086 Spengelius
1185 2024 1282 2078 esse,
1298 2005 1378 2087 quod
1394 2011 1440 2067 est

161 2130 169 2136 ·
274 2101 305 2164 in
327 2102 492 2176 codicibus,
518 2103 628 2166 addidit
647 2110 747 2167 autem
768 2113 821 2178 et,
848 2105 927 2188 quod
944 2107 1059 2170 codices
1074 2125 1134 2170 nou
1151 2107 1275 2184 babent,
1302 2109 1358 2172 nisi
1373 2106 1440 2190 quis

275 2206 353 2270 torte
373 2204 402 2268 id
424 2205 453 2268 in
468 2201 502 2269 ie
518 2207 608 2270 latere
622 2207 709 2272 dicat.
739 2208 852 2271 Tamen
868 2209 945 2272 baud
961 2209 1185 2294 improbabilem
1201 2211 1440 2275 emendationem

276 2309 414 2386 dixerim,
434 2328 530 2392 neque
551 2310 639 2392 igitur
661 2311 731 2376 satis
747 2323 861 2375 certum
877 2313 991 2376 formae
1005 2331 1176 2397 nuncque
1192 2316 1360 2399 exemplum
1376 2333 1442 2377 esse

276 2413 415 2477 concedo.
438 2447 481 2459 -
502 2413 594 2476 l‘orro
614 2415 693 2498 quod
714 2415 750 2478 de
766 2415 907 2497 bladvigio
929 2416 1002 2490 diri,
1023 2435 1056 2480 re
1078 2419 1243 2482 accuratius
1258 2418 1443 2483 considerata

276 2519 320 2582 aie
339 2537 419 2582 nunc
439 2527 583 2593 retracto,
612 2529 661 2594 ut,
687 2527 832 2602 quantum
854 2519 974 2601 quidem
997 2521 1032 2584 ad
1049 2523 1321 2604 pronuntiationem
1338 2523 1445 2587 attinet

178 2660 180 2664 ·
278 2621 421 2687 eiusmodi
443 2625 585 2687 duntaxat
603 2623 784 2697 formarum,
805 2625 909 2707 quales
930 2634 1000 2687 sunt
1014 2623 1143 2706 sieque
1158 2635 1189 2688 et
1204 2644 1390 2709 nuncque,
1413 2624 1444 2688 in

279 2727 386 2812 quibus
407 2743 479 2810 que
504 2727 608 2808 longae
622 2737 673 2791 aut
688 2737 792 2790 natura
807 2736 858 2790 aut
871 2727 1019 2810 positione
1034 2729 1159 2812 syllabae
1175 2729 1323 2804 adhaesit,
1343 2747 1444 2792 reram

278 2830 333 2895 riti
349 2829 594 2916 praestantissimi
613 2831 791 2894 sententiam
807 2851 872 2896 esse
887 2849 1033 2895 censeam.
1064 2831 1138 2895 Nam
1154 2831 1349 2914 gutturalium
1364 2831 1445 2894 litte·

279 2953 380 3000 rarum
407 2935 635 3017 geminationem
663 2953 724 2999 non
750 2943 867 2999 tantum
888 2954 1023 3020 asperam
1045 2956 1125 3012 esse,
1151 2955 1220 3000 cum
1245 2935 1390 3018 Wagnero
1410 2935 1447 3000 ad

281 3039 387 3123 Vergil.
403 3040 494 3103 catal.
510 3037 560 3115 xt,
576 3041 629 3114 45,
650 3039 701 3103 sed
716 3058 839 3123 prorsus
855 3040 980 3123 exprimi
996 3061 1066 3104 voce
1081 3059 1142 3105 non
1157 3059 1243 3124 posse
1256 3050 1330 3123 puto
1346 3039 1402 3104 uisi
1417 3040 1447 3104 in

282 3143 422 3208 breuitate
443 3143 569 3226 syllabae
591 3142 712 3226 prioris,
734 3144 813 3208 relut
833 3143 864 3207 in
879 3144 1077 3228 quicquid,
1104 3144 1229 3227 ecquis
1243 3163 1278 3208 ac
1292 3144 1448 3208 similibus.

279 3245 354 3311 Nam
369 3265 430 3310 uon
445 3247 606 3311 audiendos
621 3267 685 3311 esse
701 3247 752 3330 qui
767 3247 898 3332 ecquis¹
908 3267 945 3312 ea
959 3267 1003 3312 en
1023 3247 1106 3331 quis
1122 3247 1266 3313 coaluisse
1279 3247 1448 3330 opinantur,

280 3351 349 3415 alibi
369 3351 501 3436 exposui.
527 3350 739 3415 Nihilominus
753 3360 854 3415 umen
870 3369 932 3415 non
947 3371 1124 3434 magnopere
1140 3351 1352 3435 indignandum
1368 3351 1448 3415 arbi·

282 3459 355 3531 tror,
374 3455 401 3519 si
421 3455 511 3519 etiam
531 3453 658 3538 sicque
680 3463 732 3518 aut
745 3472 916 3540 nuncque
931 3456 1075 3540 seriptum
1090 3455 1267 3522 invenimus.
1297 3455 1364 3520 Nou
1378 3473 1447 3520 raro

282 3559 362 3625 euim
378 3561 409 3624 in
423 3560 529 3644 quovis
549 3577 689 3624 sermone
703 3559 767 3625 lieri
782 3559 872 3636 solet,
887 3571 921 3626 ut
935 3561 1060 3637 litterae,
1076 3561 1209 3644 quamvis
1224 3580 1240 3624 a
1256 3559 1447 3644 loquentibus

215 3677 220 3688 ·
283 3682 344 3728 nun
358 3683 524 3748 expressae,
539 3664 571 3728 in
586 3664 731 3748 scriptura
747 3673 847 3728 tamen
863 3675 1021 3749 ponantur,
1037 3663 1230 3747 etymologiae
1245 3683 1332 3728 musa
1346 3673 1377 3726 et
1388 3681 1448 3746 quo

283 3767 382 3830 minua
397 3767 488 3831 errari
503 3787 521 3830 a
535 3766 700 3849 legentibus
715 3767 820 3851 possit
850 3768 901 3831 Sic
915 3788 941 3830 e.
957 3787 983 3832 c
1000 3763 1073 3830 nibil
1087 3767 1272 3849 frequentius
1287 3774 1343 3840 est,
1359 3784 1449 3846 quam

283 3876 317 3934 ut
331 3879 399 3954 post
412 3870 540 3934 litteram
555 3889 583 3944 a,
600 3870 684 3934 cuius
700 3869 743 3934 tis
758 3877 805 3934 est
817 3895 862 3924 ι-
876 3889 927 3944 cs,
947 3877 1047 3934 tamen
1061 3889 1077 3934 s
1091 3869 1238 3936 scribatur
1252 3869 1284 3932 in
1298 3868 1451 3951 composi·

283 3972 337 4050 tis,
359 3973 439 4039 velut
457 3970 580 4048 exsul,
606 3981 726 4050 exsto,
752 3983 948 4058 exspecto,
975 3973 1190 4058 quodquidam
1206 3971 1404 4049 Quintilianus
1422 3973 1449 4047 t,

168 4171 170 4176 Ι
285 4079 351 4156 7,4
373 4089 531 4164 propterea
551 4078 641 4144 scrild
655 4098 672 4142 a
686 4077 788 4142 multia
809 4079 865 4154 ait,
891 4085 1001 4143 utnon
1017 4087 1124 4162 pecto
1139 4078 1191 4143 sed
1207 4086 1338 4163 specto
1352 4075 1453 4140 inesse

285 4183 476 4248 manifestum
502 4183 562 4248 ilat.
593 4182 832 4266 Reprehenditur
850 4181 908 4247 boo
929 4181 1114 4248 al'risciano
1129 4181 1265 4266 aliisque,
1291 4199 1389 4264 neque
1404 4179 1452 4243 in-

285 4279 377 4363 turbe
396 4287 449 4352 aed
468 4286 532 4351 tleri
554 4295 655 4351 tamen
674 4303 691 4349 a
711 4285 814 4349 multis
832 4285 954 4350 solitum
974 4305 1039 4350 esse
1054 4293 1085 4349 et
1098 4284 1246 4368 hodieque
1261 4281 1372 4368 passim
1388 4281 1451 4346 lieri

231 4473 233 4478 Ι
289 4389 431 4454 ridemus.
460 4389 527 4456 lion
545 4389 631 4454 aliter
650 4391 687 4454 de
705 4389 831 4472 sicque
851 4400 883 4456 et
900 4407 1075 4474 nuncque
1093 4388 1305 4454 iudicabimus:
1321 4383 1452 4452 auditam

291 4493 412 4582 quidem
431 4513 449 4560 c
467 4501 536 4560 aab
555 4512 604 4580 qu
622 4481 685 4560 nori
699 4513 780 4572 aas,
804 4494 857 4561 aed
872 4494 962 4560 scribi
976 4503 1076 4560 umen
1091 4490 1225 4580 potuisse
1240 4489 1372 4576 quodam
1385 4505 1455 4574 par·
