3182 4960
648 437 801 540 22¹...

141 652 177 698 ex
191 631 315 698 ablativo
330 630 516 719 pronominis
530 629 641 697 relativi
656 633 720 714 qul
735 639 835 696 ortum
847 651 912 696 esso
922 629 1081 706 sumimus,
1094 629 1183 696 etiam
1197 631 1310 716 pariter

141 757 210 802 cum
236 737 326 802 altera
351 736 484 802 eiusdem
511 753 597 802 casus
615 735 712 800 lorma
733 736 794 817 qui
815 736 893 801 idem
915 737 995 820 quod
1011 737 1198 820 quomodo
1213 738 1309 800 valera
1431 785 1437 794 .
1538 747 1543 756 '

141 841 247 928 potuit.
270 841 322 906 Sin
338 841 497 906 locativum
513 841 609 906 dicere
624 841 783 914 malumus,
799 859 861 905 non
872 841 948 903 aliud
961 858 1049 921 quam
1065 840 1128 904 ubi
1143 841 1309 924 significare

142 945 284 1009 dicemus.
315 944 447 1026 [lenique
461 945 486 1008 si
501 943 617 1026 longius
631 943 720 1007 etiam
736 943 871 1028 progredi
885 944 1039 1018 audemus,
1053 953 1085 1007 et
1098 963 1167 1026 que
1181 961 1242 1007 non
1256 963 1309 1007 so·

141 1049 203 1111 lum
224 1067 261 1112 sa
281 1047 406 1112 ablativo
426 1057 477 1112 aut
491 1048 616 1112 locatim
633 1057 734 1110 ortum
754 1067 831 1120 csse,
855 1047 907 1111 sed
923 1047 1011 1109 etiam
1027 1064 1082 1128 pro
1096 1047 1160 1110 aliis
1174 1047 1309 1110 eiusdem

141 1152 242 1232 stirpis
257 1150 485 1215 formationibus
497 1149 663 1214 casualibus
673 1155 856 1214 autcasuum
867 1149 1012 1212 similibus
1023 1167 1127 1230 quam
1140 1155 1190 1212 aut
1201 1167 1308 1231 quum

142 1252 278 1335 usurpari
306 1253 437 1335 potuisse
462 1252 664 1325 concedimus,
691 1252 764 1314 nihil
787 1251 886 1314 obstat
906 1251 1067 1333 quominus
1087 1253 1176 1315 etiam
1197 1262 1310 1333 atquc

143 1356 221 1419 idem
237 1355 317 1437 quod
332 1355 374 1419 ad
390 1373 495 1438 quam
510 1363 563 1418 aut
577 1355 617 1418 ad
629 1373 739 1437 quum
750 1353 915 1436 significare
927 1354 1069 1417 dicamus.
1085 1354 1197 1429 Quam
1209 1365 1310 1418 autem

145 1475 204 1539 quc
224 1457 313 1520 modo
328 1458 530 1540 accipiendum
545 1459 584 1521 sit
599 1458 629 1521 iu
645 1458 866 1540 comparatione
886 1475 942 1520 nec
955 1457 1116 1521 admodum
1132 1457 1248 1520 dillicile
1263 1457 1311 1520 in·

144 1560 263 1624 telleotu
278 1568 334 1638 cst,
350 1569 380 1622 et
394 1561 572 1642 explicatum
587 1579 604 1622 a
620 1561 704 1624 uobis
721 1563 750 1626 in
765 1563 842 1626 libro
857 1563 893 1624 de
909 1562 1041 1644 partibus
1053 1561 1195 1624 orationis
1211 1579 1239 1642 p.
1248 1558 1311 1620 229

144 1683 200 1746 sq..
215 1663 265 1727 ubi
281 1663 452 1727 monuimus
463 1664 552 1727 etiam
565 1665 680 1746 plenius
691 1683 908 1748 nonnunquam
919 1665 976 1728 diei
991 1683 1077 1746 prae
1092 1683 1217 1746 quam,
1233 1662 1313 1724 velut

143 1767 221 1850 apud
238 1767 363 1830 Gellium
384 1765 457 1838 lll'l,
481 1768 508 1840 l,
524 1767 559 1828 3:
590 1767 828 1840 „laxioribus
854 1767 978 1830 serbis
1004 1766 1310 1848 comprehensum

145 1889 234 1952 prae
256 1888 361 1952 quam
383 1869 476 1933 illud
500 1877 698 1950 graecum‘t
728 1871 814 1945 Quod
830 1879 928 1934 autem
945 1888 1032 1952 prae
1048 1869 1077 1932 in
1094 1870 1151 1932 boc
1165 1869 1310 1950 exemplo,

144 1971 224 2034 idem
250 1973 311 2036 iere
331 1972 373 2036 ad
391 1971 548 2054 signilicat.
578 1973 651 2037 Nam
673 1973 927 2057 quemadmodum
948 1992 1034 2055 prae
1054 1972 1162 2053 aliquid
1177 1971 1261 2034 alteri
1276 1991 1312 2034 ca

144 2075 267 2138 adverso
288 2073 327 2137 ita
349 2075 481 2157 positum
497 2077 635 2152 ostendit,
656 2086 690 2140 ut
705 2086 773 2140 ante
789 2077 859 2140 illud
875 2087 1027 2157 spectetur
1040 2083 1071 2136 et
1085 2075 1121 2136 ab
1137 2074 1202 2156 ipso
1217 2073 1253 2136 ad
1268 2073 1313 2136 al·

145 2185 243 2241 torum
264 2178 473 2260 contemplatio
494 2179 707 2263 progrediatur,
727 2180 771 2244 sio
789 2181 831 2243 ad
852 2179 996 2260 significat
1011 2178 1120 2260 aliquid
1136 2196 1205 2240 cum
1221 2176 1313 2239 altero

147 2280 187 2343 ita
207 2281 417 2363 compositum,
443 2289 477 2344 ut
498 2281 579 2346 iuxta
598 2283 725 2366 spectari
744 2291 774 2346 et
794 2301 862 2348 oum
885 2303 921 2345 eo
938 2282 1103 2364 comparari
1117 2282 1223 2362 possit.
1253 2279 1315 2342 lloc

147 2383 244 2466 ipsum
260 2401 475 2466 comparare
489 2385 671 2467 significatur
684 2405 789 2469 graeco
804 2387 895 2449 verbo
908 2379 1145 2468 παραβάλλειν,
1161 2393 1191 2446 et
1206 2401 1315 2465 quem·
1409 2447 1411 2450 ,
1453 2433 1459 2443 .
1484 2399 1488 2406 ·

147 2487 306 2551 admodum
320 2488 497 2570 praepositio
508 2483 611 2570 nacci,
624 2490 753 2571 itemquo
764 2483 861 2572 πρός,
876 2489 907 2552 in
918 2488 1138 2574 comparatione
1149 2485 1312 2558 adhibetur,

147 2591 191 2654 sic
210 2591 298 2654 etiam
319 2591 380 2666 ad,
401 2592 490 2655 voluti
511 2593 591 2674 quod
612 2593 690 2676 aliud
710 2593 866 2656 Platonem
888 2600 934 2656 est
955 2593 1041 2675 llipp.
1056 2592 1125 2654 mai.
1141 2609 1171 2674 p.
1187 2589 1245 2652 281
1265 2589 1314 2652 n:

148 2679 234 2757 εἶναι
261 2693 327 2758 coia
348 2685 492 2773 ἀρχαίων
517 2690 595 2772 τοὺς
617 2690 697 2776 περὶ
718 2694 777 2779 τήν
798 2688 922 2782 capiar
944 2691 1092 2780 pectore
1113 2689 1201 2774 πρὸς
1221 2685 1314 2774 ipsis,

147 2795 436 2870 rectcmnvortcris:
466 2794 1316 2882 reterossapientiaestudiososnibilossead

148 2913 225 2978 vos,
248 2899 501 2984 quemadmodum
517 2903 618 2968 Cicero
638 2905 679 2968 ait
694 2904 730 2966 dc
746 2911 821 2968 orat.
836 2903 874 2979 ll,
889 2905 920 2980 (i,
936 2905 993 2967 252
1020 2923 1123 2986 quem
1139 2899 1315 2984 cognori-
1446 2887 1452 2896 ⁸

148 3023 229 3068 mus
246 3005 364 3068 virum
381 3004 515 3068 bonum
531 3015 568 3069 et
585 3005 808 3082 litteratum,
824 3008 888 3070 aod
903 3007 1000 3072 nibil
1014 3007 1056 3070 ad
1072 3007 1251 3080 Persium,
1265 3013 1318 3068 aut
1404 3010 1408 3016 ’

150 3109 244 3171 Plaut.
258 3108 339 3189 Capt.
351 3106 429 3182 ll,2‚
445 3108 504 3170 lb:
519 3109 556 3172 ad
572 3109 792 3191 sapientiam
808 3111 923 3174 huius
938 3111 1048 3174 nimis
1064 3119 1222 3193 nugator
1236 3109 1316 3174 luit

149 3211 251 3294 ltaque
267 3211 347 3292 quod
363 3211 441 3296 apud
456 3211 585 3276 suadem
601 3223 647 3276 est
660 3213 899 3290 llercl',l,5b:
915 3215 1073 3278 amicior
1088 3213 1175 3278 mibi
1191 3214 1317 3278 nullus
1399 3271 1407 3284 .
1502 3229 1509 3236 ·

148 3313 237 3377 vivit
257 3323 366 3397 atquo
387 3314 417 3378 is
438 3324 510 3394 eat,
532 3333 593 3378 non
609 3316 754 3380 diversam
770 3317 860 3380 babet
873 3317 1170 3402 signtttesnmemob
1185 3337 1222 3382 eo
1236 3317 1317 3401 quod

149 3417 205 3480 dici
231 3417 329 3500 potuit
346 3435 433 3500 prae
458 3436 566 3501 quam
592 3418 623 3482 is
649 3429 706 3484 est
731 3427 783 3483 aut
809 3439 893 3503 prae
918 3429 957 3484 ut
979 3421 1010 3486 is
1031 3429 1104 3484 cst:
1133 3426 1215 3502 (nam
1237 3421 1317 3504 quod

149 3538 277 3604 quam,
293 3519 370 3584 idom
383 3520 472 3584 etiam
484 3527 524 3584 ut
534 3522 564 3586 in
576 3521 625 3585 tali
637 3531 780 3587 contextu
790 3525 886 3588 ualere
897 3527 1066 3608 apparetl²l
1081 3531 1113 3588 et
1125 3545 1178 3608 pro
1190 3545 1226 3589 eo
1238 3524 1317 3608 quod
1441 3565 1454 3588 -.

149 3641 238 3708 supra
253 3643 289 3690 ex
304 3624 397 3688 Gellio
409 3624 832 3708 adscripsimus,potuitctiam
845 3626 974 3692 sicilici:
990 3628 1226 3704 „laxioribus
1241 3645 1318 3692 rer·

149 3727 205 3793 bis
220 3737 329 3812 atquo
344 3728 435 3794 illud
451 3734 656 3809 graccum.“
667 3761 709 3776 —
722 3731 807 3804 Quod
819 3739 919 3794 autem
931 3740 1044 3815 atque
1057 3730 1086 3796 in
1098 3732 1318 3816 comparatione

149 3831 237 3898 etiam
254 3851 309 3917 pro
324 3831 360 3897 ad
375 3851 484 3916 quum
499 3831 592 3915 accipi
605 3851 693 3916 posse
707 3833 778 3910 dixi,
793 3851 855 3899 nou
876 3833 920 3899 sic
933 3835 1055 3919 intelligi
1070 3838 1146 3912 volo,
1161 3856 1196 3900 ac
1206 3837 1232 3901 si
1243 3837 1320 3902 banc

219 3969 246 4038 i)
265 3971 430 4027 Abundaatar
456 3986 629 4041 aaaaaaqoam
655 3979 714 4040 past
739 3981 837 4044 atqua
858 3974 883 4027 lo
900 3975 1090 4045 comparatione
1106 3975 1228 4031 adiicitur
1242 3975 1320 4032 etia!

150 4065 198 4128 at,
214 4074 237 4114 a.
248 4073 271 4114 o.
289 4059 314 4114 la
332 4057 464 4129 plebiscito
480 4073 520 4127 sp.
533 4057 648 4114 llroatia.
666 4060 698 4114 da
709 4062 859 4132 spasmum.
873 4078 895 4116 c.
911 4063 971 4117 liba
992 4062 1173 4130 „advorsus
1191 4079 1256 4118 aa·
1273 4063 1320 4118 al·

150 4161 256 4216 raupa
272 4145 323 4202 loa
342 4153 414 4202 sato
431 4153 525 4216 atqua
542 4147 590 4202 otl
607 4155 695 4202 cacat
713 4163 847 4220 ossaque
863 4157 1046 4218 oporteret,
1067 4149 1096 4206 si
1113 4151 1141 4206 is
1156 4150 1317 4206 adversas

149 4233 228 4289 bauo
241 4233 340 4302 lagon
353 4233 454 4289 rivom
467 4235 635 4303 rapinam·
658 4233 743 4291 Plaut.
756 4233 840 4291 craia.
853 4236 886 4304 V,
898 4235 915 4300 l,
929 4237 958 4292 la

673 4340 730 4378 aaa
748 4321 914 4380 fallaciam

402 4405 593 4462 astutiora·
606 4405 788 4464 illuaiaait
801 4419 891 4480 pocta
904 4407 1004 4481 itque

404 4491 696 4549 atbaicaatiabrd
708 4495 936 4553 iactaaabbia.
