3186 4968
302 1545 498 1646 sonuum
531 1549 578 1646 ut
610 1547 838 1646 EURIPIDIS
871 1545 1020 1645 IONEII.
1054 1547 1181 1644 PdlIT.
1216 1548 1278 1642 III.

292 1805 522 1872 Enarrrdormm
556 1805 635 1872 Ionis
667 1805 841 1891 Euripidem
869 1805 983 1873 duabur
1013 1804 1199 1890 superiorum
1231 1823 1380 1871 annorum

201 1910 421 1996 scriptionibus
441 1911 607 1977 inchoatam
627 1911 766 1996 persequi
785 1913 846 1976 Iroc
864 1920 999 1995 ternpore
1024 1909 1146 1994 placuit,
1172 1928 1327 1994 quumque
1343 1909 1380 1975 da

203 2015 334 2100 prologo
349 2023 380 2080 ct
394 2015 431 2080 dc
444 2015 558 2081 cantico
573 2015 670 2098 primo
685 2015 858 2090 dixerimus,
869 2014 1004 2098 requitur
1017 2013 1075 2078 inm
1091 2021 1125 2078 ut
1136 2014 1219 2077 chori
1233 2014 1380 2098 paredum

202 2118 457 2204 interpretemur,
482 2137 557 2203 quae
578 2127 625 2184 eet
643 2139 659 2184 a
681 2139 708 2183 v.
735 2117 793 2184 187
812 2119 849 2183 ad
870 2139 897 2182 r.
913 2117 986 2181 247.
1008 2153 1048 2166 -
1066 2117 1262 2202 Componitur
1280 2126 1381 2183 autem

203 2223 320 2288 eiroruu
331 2223 442 2288 anciiiic
457 2223 584 2286 Creusae
599 2232 651 2287 aut
665 2223 822 2287 duodecim
837 2232 889 2288 out
900 2221 1067 2306 quindecim
1077 2239 1195 2285 -nam
1207 2221 1244 2286 de
1255 2241 1382 2287 numero

203 2344 269 2391 nou
286 2335 403 2392 courtat
415 2325 572 2391 -heram
588 2325 715 2410 Iiprhoe
730 2325 878 2393 comitatis
890 2327 1012 2410 eiusque
1023 2324 1171 2410 permiecu
1181 2325 1217 2388 ad
1228 2325 1383 2390 visendum

205 2431 357 2516 templum
380 2439 450 2496 ante
469 2431 563 2514 Ipsam
583 2429 759 2514 progressio.
790 2432 945 2514 Peragrata
964 2429 1053 2512 igitur
1071 2428 1168 2512 aliqua
1189 2427 1271 2493 urbia
1288 2439 1381 2513 parte,

205 2534 437 2618 conspectioquc
451 2535 492 2600 iiri
505 2543 537 2600 et
547 2535 667 2600 aedibus
682 2535 793 2617 aliquot
808 2534 899 2598 meria
911 2541 941 2598 et
955 2533 1014 2598 aria
1028 2531 1159 2607 ridibur,
1175 2549 1273 2608 nuuc,
1289 2552 1383 2617 quum

207 2637 241 2703 in
255 2637 357 2722 magei
370 2637 476 2721 templi
497 2647 692 2721 consaeptum
713 2638 913 2720 pervenerint,
934 2645 965 2702 et
984 2635 1074 2700 huiur
1096 2643 1217 2718 repectu
1233 2645 1333 2700 motae
1354 2644 1385 2700 et

208 2759 317 2807 cornua
332 2759 409 2825 quoe
424 2741 501 2806 iuter
515 2741 647 2806 eundum
658 2741 768 2824 passim
781 2741 913 2806 videraut
924 2739 1103 2816 recordatae,
1119 2737 1303 2803 haecomnia
1317 2737 1384 2814 iilia,

210 2863 288 2929 quaa
303 2843 334 2909 iu
345 2843 441 2930 patria
452 2845 525 2910 urbe
536 2843 658 2909 Athenio
669 2854 779 2922 creent,
794 2844 1010 2930 pulchritudine
1020 2850 1052 2908 et
1062 2842 1219 2928 rpleudorc
1230 2840 1385 2924 haudqua-

210 2965 302 3034 qnarn
317 2947 460 3014 interiora
473 2947 530 3013 cibi
545 2949 605 3014 rica
619 2968 686 3014 eoae
702 2949 888 3033 protitentur.

463 3041 533 3116 oie
555 3043 590 3116 to
610 3053 686 3130 ταῖς
708 3046 849 3131 ζαθέαις
869 3041 976 3137 Ἀθή-

547 3174 619 3232 ναις
641 3145 787 3232 εὖκίονες
805 3143 889 3242 ἦσαν
910 3145 968 3216 nri·

545 3251 604 3323 ieri
625 3257 717 3322 θεῶν
737 3249 840 3340 μόνον
861 3245 932 3322 orid’
954 3245 1049 3340 dyoc-

548 3351 663 3439 άτιδες
683 3359 880 3446 θεραπεῖαι,

462 3453 548 3528 eittd
569 3458 626 3528 arui
650 3460 746 3548 παρὰ
768 3458 882 3550 Λοξίᾳ

448 3579 450 3583 ’
548 3567 598 3653 τῷ
611 3568 755 3646 Λατοῦς
777 3561 927 3648 διδύμων
949 3559 1085 3650 προσώ-

548 3690 623 3734 πων
643 3665 909 3758 καλλιβλέφαρον
929 3669 1013 3758 φῶς.

304 3773 338 3838 In
352 3773 450 3857 priore
465 3773 601 3838 membro
616 3773 805 3857 praecipuam
820 3773 880 3838 rim
895 3793 960 3838 ecce
980 3774 1011 3839 in
1027 3773 1160 3856 epitheto
1175 3761 1320 3848 εὐκίονες
1333 3789 1389 3836 ne·

219 3875 330 3940 minem
344 3875 445 3940 iniiere
455 3885 569 3960 potest:
582 3893 678 3959 neque
692 3875 772 3940 eninr
788 3875 816 3940 id
833 3875 1025 3942 memorabile
1039 3875 1086 3939 hir
1106 3873 1279 3939 mulieribus
1298 3873 1390 3940 rideri

219 3978 326 4062 potuit,
341 3977 421 4060 quod
435 3979 523 4044 aeder
537 3979 672 4054 deorum,
687 3986 722 4044 ut
736 3978 871 4056 Athenio,
886 3978 931 4044 rid
951 3978 1042 4044 etiam
1060 3977 1181 4062 delphin
1199 3985 1318 4054 cenent,
1337 3977 1390 4042 ecd
1512 3979 1514 3984 '

219 4080 278 4145 hoc
291 4089 418 4156 tanturn,
433 4081 514 4166 quod
528 4081 778 4166 pulchritudinem
792 4081 911 4148 aedium
925 4100 989 4148 uon
1003 4082 1150 4147 minorem
1166 4101 1232 4147 erre
1247 4080 1390 4146 viderent.

222 4181 407 4264 Quemquam
421 4183 498 4249 hunc
510 4185 605 4268 ipram
625 4185 851 4269 pulchritudini·
872 4185 1189 4252 commemorationem
1210 4183 1390 4250 couvenien-

223 4280 329 4356 aiorern
350 4283 455 4368 inqut·
468 4287 575 4352 duent
588 4287 616 4354 ei
630 4287 769 4370 tempori,
784 4307 845 4372 quo
861 4289 990 4354 tenuem
1006 4289 1108 4355 docuit
1121 4287 1286 4372 Euripiden,
1302 4305 1392 4370 quarn

224 4403 284 4470 quo
297 4401 346 4453 rer
359 4397 440 4473 pecto
453 4407 519 4454 ecre
533 4389 662 4476 fingitur,
677 4389 825 4476 rIquidenr
839 4391 937 4480 prioco
950 4391 1000 4459 ilto
1012 4392 1130 4459 raeculo
1151 4409 1249 4476 neque
1268 4389 1392 4457 tueris
