3186 4958
660 459 811 558 „¹2³-

152 647 198 714 lus
213 649 336 724 Atticos,
352 657 449 714 vetere
464 647 570 714 morbo
584 649 696 714 levatus
710 657 741 712 et
754 647 790 712 ad
805 667 908 713 sanavn
923 660 1055 714 mentem
1068 659 1233 722 revocatas,
1248 649 1320 734 qvaid

151 751 181 816 in
198 759 350 836 posterum
364 753 401 818 de
416 753 475 818 isto
489 771 596 836 genere
616 753 748 818 lauturus
769 752 809 816 sit
830 753 1001 834 profiteturz
1027 747 1203 837 ἀναγκάσω
1224 775 1321 838 τιτι,-

152 855 256 939 γετοῖν
277 849 342 940 ἐγώ
363 849 499 933 τούτοις
520 848 672 932 άπαιτας
692 850 925 937 παυσαμένους
946 851 1188 941 perperentinus:
1210 875 1321 940 nunan-

152 977 210 1042 que
225 959 255 1024 in
270 959 445 1024 Nobiliore.
461 957 541 1024 tete
556 967 712 1042 corruptae
725 957 896 1040 disciplinae
910 959 1043 1040 publicae
1067 959 1198 1024 iructunv
1215 955 1321 1044 pitis·

151 1083 211 1126 rnr
230 1056 385 1148 nardina,
409 1055 573 1150 ψιίφισμα
593 1057 720 1148 μακράν
741 1061 808 1136 dici,
833 1079 869 1124 ac
896 1061 997 1126 statim
1024 1063 1131 1126 deinde
1153 1062 1320 1126 Antimaclai

152 1159 425 1251 neronopoudrpr
439 1165 517 1248 tangi
533 1166 693 1240 rideamus,
711 1170 793 1230 hnto
809 1165 908 1230 minus
923 1165 1134 1240 dubitabimus,
1150 1167 1223 1250 quin
1239 1166 1320 1230 hune

151 1267 361 1352 Aristophanes
375 1270 462 1334 etiam
477 1271 508 1335 in
523 1269 627 1334 eodem
650 1271 699 1334 illo
720 1287 826 1352 genere
846 1269 1052 1335 numeraverit.
1082 1270 1157 1333 Naar
1174 1279 1207 1334 ul
1220 1269 1257 1334 alv
1271 1291 1319 1342 eo,

149 1371 246 1454 quiin
261 1373 497 1440 Acharnensihus
513 1375 670 1450 vellicatur,
686 1375 767 1439 hunc
781 1373 812 1437 in
828 1373 961 1438 h'uhilvua
975 1374 1129 1438 diversum
1146 1373 1239 1438 luisse
1252 1391 1319 1438 cre-

151 1473 266 1548 damus,
282 1495 356 1557 qnae
371 1477 583 1542 nonnullorum
598 1479 699 1562 opinio
712 1477 817 1555 luit³)‚
833 1478 912 1542 nulla
927 1477 1059 1560 prolecto
1074 1495 1162 1540 causa
1178 1486 1232 1538 eut.
1263 1477 1320 1539 Ce-

152 1583 248 1640 terum
275 1597 334 1660 quo
358 1579 422 1644 iure
448 1600 541 1662 quave
566 1581 672 1646 iniuria
698 1581 778 1646 huuc
796 1580 1005 1644 Antimachum
1027 1584 1086 1642 lana
1103 1579 1319 1644 contumeliose

151 1679 362 1764 Aristophanes
378 1684 552 1758 tractaverit,
567 1683 695 1748 discerni
714 1701 794 1748 nunc
815 1701 877 1746 non
896 1693 1011 1766 potest:
1034 1683 1196 1746 cavendum
1218 1692 1319 1746 tamen

150 1803 217 1847 esse
232 1785 374 1861 dicemus.
390 1805 428 1850 ne
443 1787 531 1851 nimis
546 1787 605 1851 cite
621 1787 725 1852 comici
741 1794 845 1868 poetae
860 1786 998 1850 conviciis
1010 1786 1098 1849 tidem
1113 1785 1317 1868 adiungamus.

151 1886 267 1970 Quippe
281 1889 442 1970 aegerrime
457 1889 570 1954 serebat
584 1889 795 1972 Aristophanen
810 1889 958 1972 ceterique
971 1889 1049 1951 haud
1063 1889 1151 1951 dulvie
1162 1887 1268 1952 convici
1283 1889 1319 1950 li·

151 1986 259 2052 hertati
274 2009 345 2054 suae
359 1999 410 2053 aut
424 1991 522 2072 potius
538 1991 671 2055 licentiae
683 1991 792 2074 aliquid
807 1991 882 2054 freni
892 1990 1100 2054 Antimachum
1114 1991 1139 2052 si
1151 1991 1250 2054 minus
1262 1991 1320 2054 ivn·

152 2089 295 2173 posuisse,
311 2101 390 2154 certe
407 2097 505 2154 tamen
521 2091 674 2174 imponere
688 2103 826 2156 conatum
842 2111 917 2156 osse.
947 2093 1049 2174 h'eqve
1065 2091 1093 2154 id
1108 2093 1183 2156 adeo
1198 2091 1317 2155 mirabi-

151 2210 220 2256 mur
235 2211 310 2256 nova
324 2192 456 2276 exempla
471 2203 642 2276 reputantes
654 2204 804 2260 certorum
816 2195 982 2268 homiuum,
996 2194 1047 2276 qui
1058 2195 1222 2258 lilvertatena
1234 2213 1319 2258 auara

151 2293 263 2376 legibue
283 2295 426 2360 sancium
447 2295 584 2360 imminui
598 2297 759 2371 clamitant,
776 2297 832 2360 ote
851 2295 1052 2370 adversarios,
1072 2297 1123 2361 uhi
1146 2316 1212 2361 vera
1230 2315 1320 2379 argu·

152 2405 251 2461 menta
266 2397 417 2476 deliciunt,
433 2399 521 2463 etiarn
537 2401 675 2466 conviciis
690 2399 827 2464 insectari
842 2399 1062 2482 calumniasque
1078 2400 1108 2463 in
1123 2420 1177 2464 cos
1200 2399 1318 2464 iaculari

150 2501 272 2586 impune
287 2503 381 2576 liceat,
396 2511 427 2566 et
441 2501 519 2586 leges
533 2522 709 2570 communen
723 2525 759 2571 ac
772 2501 895 2586 legitimi
913 2502 1012 2568 iudicii
1033 2504 1319 2568 animadversionem

150 2604 244 2668 vereri
259 2603 424 2672 iuhenntur.

236 2707 270 2772 ln
284 2709 388 2774 endem
404 2713 519 2778 cantico
535 2731 561 2777 v.
582 2713 662 2776 1165
678 2711 804 2778 alterum
817 2711 941 2786 malum,
957 2711 1037 2795 quod
1051 2709 1229 2774 Antimacho
1244 2709 1320 2774 the-

148 2827 200 2875 rus
215 2809 402 2896 imprecatur.
419 2815 551 2882 honest:

350 2925 506 3019 ἠπιαλῶν
528 2931 589 3019 γάρ
611 2927 720 3002 ei'aed’
742 2929 780 3016 ἐξ
800 2928 972 3013 ἱππασίας
991 2927 1147 3018 βαδίζων,
1238 2965 1240 2970 ⁴
1350 3009 1353 3014 Ι

350 3024 423 3102 eleo
434 3032 590 3117 κατάξειέ
602 3059 655 3116 τις
667 3031 768 3104 αὐτοῦ
781 3034 917 3121 pretor
927 3035 988 3124 vvir
999 3033 1148 3123 κεφαλὴν
1157 3027 1320 3120 Ὀρέστης.

149 3153 190 3219 lle
205 3157 353 3238 esynlaxia
368 3157 510 3222 orationis
522 3159 578 3224 dici
594 3177 656 3222 non
671 3179 747 3243 opus
762 3169 816 3234 est,
832 3160 941 3242 quippe
956 3160 987 3223 in
1002 3177 1059 3241 qua
1075 3177 1164 3221 nemo
1179 3157 1237 3220 nisi
1259 3158 1318 3221 itn·

149 3259 261 3341 peritus
287 3261 406 3326 haerere
433 3263 541 3345 possit,
568 3281 665 3346 neque
684 3263 753 3326 illud
775 3279 900 3344 quaero,
926 3262 1073 3324 rectinsoe
1092 3256 1152 3343 τὴν
1173 3255 1322 3344 sepultis
1361 3345 1365 3352 ι

148 3362 307 3435 scribatur,
322 3381 359 3426 an
379 3363 439 3447 τῆς
452 3361 614 3452 τεφαλῆςτ
641 3366 745 3430 licebat
760 3365 840 3428 eninr
862 3363 1050 3438 utrumlibet,
1069 3382 1104 3426 ac
1125 3363 1320 3444 lliudorttnm,

149 3465 199 3546 qui
210 3465 280 3528 olim
292 3467 452 3549 genitivum
465 3471 651 3550 praetulerat,
663 3487 743 3532 nunc
754 3469 784 3532 in
796 3467 966 3550 nuperrima
980 3465 1108 3530 editione
1118 3465 1319 3528 accusativum
1366 3481 1369 3486 ’

148 3567 315 3647 reposuisse
330 3569 429 3644 videm
450 3569 502 3632 sed
518 3569 555 3633 de
574 3568 679 3634 Oreste
694 3571 753 3634 lulli
773 3591 825 3635 eos
845 3570 989 3644 arbitror,
1009 3569 1147 3651 quivere
1167 3567 1318 3649 quendam

149 3669 208 3734 hoe
222 3669 343 3734 nomine
363 3677 559 3754 muratorera
581 3681 762 3737 nocturnum
782 3672 905 3736 Athenis
927 3671 1020 3736 luisse
1038 3671 1173 3736 oedem
1202 3670 1318 3732 Falsam

150 3841 350 3856 m

217 3945 242 4012 3)
256 3945 314 4000 rute
325 3947 351 4000 ia
363 3947 403 4001 his
414 3947 490 4001 alian
502 3947 640 4003 acheliaata
651 3947 683 4002 ad
696 3945 762 4002 rto.
775 3963 801 4001 v.
816 3947 896 4014 102³,
914 3947 970 4016 qul,
983 3953 1115 4014 postquam
1134 3944 1219 4012 illusa,
1234 3945 1319 4012 cuias,

148 4031 184 4086 ill
195 4027 415 4104 καταπυγοσύνη
428 4041 540 4098 notatur,
552 4031 589 4094 air
600 4033 732 4088 strandoe
742 4035 789 4086 rol
802 4026 949 4104 εὔμορφον
957 4031 1161 4102 repedassem
1171 4031 1247 4096 divit,
1259 4039 1319 4096 psat

148 4134 204 4172 cova
216 4117 312 4186 aliqaot
324 4119 487 4187 eope-laer
499 4136 658 4188 ean-erana,
671 4119 696 4173 ia
707 4121 748 4174 hia
760 4121 839 4174 tertia
852 4118 908 4172 loeo
918 4115 968 4172 air
981 4113 1126 4182 Ψατιὶάος,
1135 4118 1224 4186 palata
1233 4125 1319 4170 auten

148 4203 198 4260 aha
213 4199 440 4276 ἱστοριογράφον
456 4215 579 4275 nunant,
601 4225 649 4260 aea
670 4206 816 4274 intelligens
836 4206 903 4258 haas
923 4205 1014 4272 ipsura,
1031 4220 1105 4273 pacta
1122 4205 1154 4258 ah
1170 4201 1320 4276 impetui

147 4293 288 4362 trpithetea
300 4300 454 4346 contentas
463 4300 512 4356 eat,
525 4289 575 4346 ιότ
589 4287 725 4351 Ψαιιάάος
740 4305 807 4344 esse.
828 4289 959 4358 Quamque
976 4289 1047 4342 aldit
1062 4291 1093 4342 da
1109 4289 1319 4356 hiatarisgraplae
1369 4337 1373 4344 .

148 4373 220 4447 τάχα
232 4377 263 4432 dl
276 4373 360 4438 αὐτὸς
371 4381 432 4446 (scr.
445 4371 461 4430 ά
473 4371 565 4446 αὐτάς)
578 4373 640 4433 iero
650 4377 689 4447 τᾷ
701 4371 846 4449 εὐμόρφῳ,
858 4393 907 4428 aea
918 4377 1027 4442 corrigit
1035 4391 1161 4444 ατττττι,
1172 4375 1218 4429 aed
1227 4381 1320 4443 aapntv

147 4463 256 4517 debehat
266 4463 358 4518 salte·
369 4463 456 4516 dlasra
468 4459 542 4532 τάχα
555 4461 585 4517 dl
598 4457 614 4517 ai
628 4459 713 4524 αι’·τάς
723 4461 783 4517 ἔστι
796 4463 837 4534 ιφ·
851 4457 995 4522 Ψαιιάάος.
