3266 4958
753 384 773 448 ¹1

176 581 261 640 tanto
275 574 392 642 bonore
405 580 600 661 praestarent.
614 609 659 624 ·-
672 574 732 640 Sed
746 581 939 658 posteaquam
954 571 1063 658 ubique
1077 576 1129 637 out
1139 571 1171 636 in
1182 589 1348 656 paucorum

177 679 274 744 autin
290 680 487 746 multitudinis
500 687 649 764 potestate
670 680 849 764 respublica
867 679 938 754 luit,
960 678 1049 742 nimis
1069 677 1128 742 cito
1148 677 1269 759 intelligi
1289 695 1348 760 po·
1416 773 1420 782 Ι

37 809 38 814 ’
177 784 248 872 tuit,
270 803 367 868 neque
387 786 520 862 illorum,
543 785 595 870 qui
615 805 648 849 se
670 785 802 869 optimos
821 783 882 848 sive
905 783 1062 866 optimates
1082 781 1229 856 dicerent,
1247 797 1348 864 neque
1369 838 1373 846 .

177 907 292 966 eonem,
308 890 359 974 qui
374 889 530 974 populares
544 887 772 972 appellarentur,
794 894 846 952 aut
865 887 1020 971 prudentia
1039 891 1091 949 aot
1112 885 1218 950 virtute
1235 885 1346 950 certitu

177 1009 212 1056 ac
230 993 379 1070 stabilius,
400 1011 489 1074 mam
509 991 598 1056 unius
618 991 671 1055 viri
686 992 811 1076 imperio
825 991 981 1055 tenuatum
996 1008 1062 1053 esse
1076 989 1120 1052 rei
1135 987 1267 1072 publicae
1282 999 1346 1054 sta·

176 1105 258 1170 tum,
284 1095 573 1177 innumerabilesque
601 1095 727 1158 exiebre
753 1093 868 1158 discidii
894 1101 983 1176 atque
1011 1090 1208 1155 certaminum
1233 1109 1346 1167 musas,

177 1216 271 1280 quum
286 1217 320 1260 ae
334 1197 461 1279 quisque
475 1197 624 1271 extollere,
639 1195 723 1260 albai
742 1197 851 1261 alteros
874 1195 1044 1280 opprimere
1063 1202 1256 1270 conarentur,
1275 1215 1346 1260 mos

147 1325 149 1329 ’
177 1299 332 1382 pauciores
356 1299 501 1384 populum
529 1300 585 1364 sibi
609 1298 754 1364 subiicere
773 1309 861 1382 atque
881 1298 1043 1362 obnoxium
1064 1297 1161 1360 latera
1182 1297 1346 1374 studerent,

178 1421 248 1466 mox
263 1402 390 1484 populus
405 1401 548 1466 invideret
562 1421 724 1486 paucorum
745 1401 851 1486 opibus
870 1409 959 1484 atque
980 1398 1137 1481 exaequari
1156 1407 1188 1461 et
1207 1417 1346 1464 conamu-

177 1503 268 1568 nioari
282 1523 352 1569 cum
367 1504 505 1569 omnibns
520 1505 619 1570 omnia
640 1515 769 1588 cuperat
804 1505 881 1568 ilino
898 1503 930 1568 in
950 1503 1033 1567 omni
1050 1503 1167 1568 ciuitate
1189 1503 1292 1566 turbae
1311 1521 1346 1566 ac

177 1609 336 1674 seditiones
351 1609 576 1691 rempublicam
592 1608 802 1684 distrahebant,
817 1607 863 1672 eui
878 1608 957 1671 malo
977 1625 1072 1690 quum
1092 1606 1201 1689 aliquid
1222 1605 1345 1670 remedii

177 1713 462 1796 circumspiceretur,
478 1713 513 1777 iis
528 1713 658 1796 quidem,
673 1713 724 1797 qui
736 1713 840 1777 ceteris
851 1711 1057 1795 prudentiores
1071 1719 1164 1786 erant,
1179 1711 1237 1774 boc
1249 1728 1344 1775 unum
1399 1726 1403 1742 ·

179 1817 306 1880 maxima
321 1816 466 1898 placuisse
481 1817 625 1892 videmus,
641 1823 675 1880 ut
696 1817 784 1880 unius
798 1815 853 1880 viri
867 1816 938 1880 boni
952 1835 987 1880 ac
1000 1813 1141 1900 sapientis
1156 1814 1279 1878 coneilio
1296 1833 1345 1879 res

177 1919 295 2003 publica
309 1919 540 2003 permitteretur,
555 1937 616 1983 non
636 1919 756 2002 quidem
775 1927 811 1984 ut
829 1929 1007 2002 perpetuum
1027 1919 1184 2002 imperium
1204 1917 1344 1981 baberet:

179 2023 208 2086 id
225 2023 305 2086 enim
326 2023 507 2086 Graecorum
527 2022 651 2104 ingeniis
671 2023 749 2086 baud
768 2023 923 2086 terendum
944 2021 1111 2097 uidebatnr3
1134 2021 1187 2084 sad
1207 2029 1242 2084 ut
1260 2039 1345 2084 com·

179 2125 497 2208 ptolemaeorum
513 2125 676 2189 ordinanda
691 2125 803 2208 teganus
822 2143 854 2188 rs
875 2125 992 2207 publica
1011 2133 1043 2187 se
1061 2123 1123 2187 sm
1143 2124 1249 2206 susque
1270 2122 1346 2206 pos
1486 2191 1488 2196 .
1539 2095 1543 2104 '

179 2227 292 2291 iuribus
307 2234 337 2290 et
352 2226 527 2292 muneribus
541 2227 752 2303 describendis,
768 2237 801 2291 ut
816 2247 906 2311 quem
926 2227 1033 2310 cuique
1054 2227 1154 2290 locum
1174 2225 1206 2290 in
1231 2225 1347 2290 ciuitate

179 2338 291 2405 tenere,
307 2346 382 2410 quae
397 2335 545 2411 praestaro
560 2328 673 2404 nilida,
693 2329 801 2412 quibus
816 2330 874 2393 lrui
889 2330 1055 2394 commodis
1070 2328 1252 2402 conueniret,
1268 2336 1347 2392 certa

179 2438 210 2494 et
223 2430 368 2512 aequabili
384 2448 488 2495 norma
509 2430 691 2495 definiretur.
726 2432 765 2495 Et
784 2432 918 2514 prolecto
938 2432 1052 2496 civilem
1072 2430 1252 2494 Graecorum
1272 2449 1347 2512 pru·

179 2533 319 2608 dentiam,
334 2533 402 2598 licet
416 2533 480 2597 aliis
495 2533 526 2596 in
541 2533 629 2597 rebus
643 2533 722 2598 baud
738 2553 916 2616 magnopere
926 2533 1119 2608 admiremur,
1134 2533 1165 2596 in
1176 2534 1234 2597 boc
1244 2542 1345 2596 tamen

178 2635 356 2699 laudandam
370 2640 459 2717 atquo
474 2635 686 2700 recentioribus
708 2637 884 2718 quibusdam
905 2637 1021 2719 populis
1042 2654 1097 2719 pro
1116 2635 1253 2719 exemplo
1272 2655 1345 2718 pro·

177 2737 346 2820 ponendam
361 2755 426 2800 esso
440 2735 614 2812 dixerimus,
630 2737 710 2818 quod
725 2737 804 2820 logos
818 2737 862 2802 rei
883 2737 1016 2820 publicae
1038 2737 1218 2801 ordinandae
1238 2737 1345 2800 melius

178 2839 331 2922 tutiusque
346 2838 435 2902 unius
449 2839 590 2921 sapientia
605 2840 658 2903 uiri
672 2840 809 2916 consilio,
830 2859 920 2922 quam
939 2839 1103 2904 multorum
1120 2839 1277 2905 bominum
1292 2840 1346 2904 de·

178 2940 342 3004 bberationi
356 2941 486 3023 permitti
499 2941 679 3005 iudicarant:
694 2941 784 3024 idque
798 2961 903 3006 eorum
917 2943 1059 3006 iudicium
1074 2943 1162 3006 etiam
1183 2962 1216 3008 re
1237 2943 1301 3027 ipsa
1315 2950 1347 3006 et

179 3051 288 3107 euentu
303 3043 530 3126 comprobatum
545 3042 689 3107 ridemus.
720 3045 797 3108 Satis
817 3053 864 3108 est
884 3063 979 3108 unum
999 3045 1142 3109 Solonem
1160 3064 1347 3111 commemo·

178 3163 253 3220 raro,
267 3145 351 3210 cuius
365 3145 488 3228 legibus,
511 3145 547 3209 iis
563 3145 683 3228 quidem
703 3155 783 3210 certe
799 3165 875 3230 quae
894 3147 931 3211 ad
951 3147 998 3210 ius
1017 3147 1168 3230 publicum
1187 3149 1347 3232 pertinent,

177 3247 250 3312 nibil
263 3247 426 3332 sapientius
440 3248 499 3312 ulla
513 3257 593 3312 aetas
609 3249 654 3312 vel
669 3249 740 3314 olim
756 3251 800 3315 vel
811 3249 976 3314 recentiora
990 3268 1061 3314 seso
1076 3249 1156 3326 uidit,
1168 3251 1347 3334 quibuscum

177 3349 202 3414 si
217 3349 284 3433 quis
306 3369 356 3414 eas
371 3351 593 3434 comparaverit,
609 3370 685 3436 quae
700 3351 787 3418 bodie
800 3352 832 3417 in
846 3351 1016 3418 numerosis
1031 3353 1224 3419 conventibus
1239 3371 1348 3438 magno

179 3471 247 3519 cum
263 3453 416 3518 molimine
431 3453 621 3538 verbosisqoa
641 3455 806 3521 multorum
826 3455 1009 3521 orationibus
1029 3457 1206 3536 suadentur,
1231 3459 1348 3524 dissua-

178 3557 295 3634 dentur,
310 3555 502 3641 perferuntur
517 3577 647 3642 mosque
661 3578 767 3624 rursus
781 3560 969 3644 abrogentur,
986 3560 1095 3626 videbit
1105 3562 1239 3645 prolecto
1251 3581 1347 3648 quan·

178 3671 244 3728 tum
258 3661 385 3727 intersit
414 3661 461 3726 dn
481 3681 552 3727 uero
571 3662 635 3728 lieri
654 3663 787 3747 potuisse
809 3665 974 3740 credemus,
996 3673 1030 3730 ut
1047 3666 1165 3730 Solonis
1184 3666 1250 3731 illae
1269 3668 1347 3750 leges

178 3768 267 3832 etiam
282 3767 313 3831 in
328 3765 516 3831 contionibus
536 3767 734 3850 probarentur
755 3765 1041 3852 perterrenturquel
1060 3788 1136 3853 quae
1156 3788 1251 3852 quum
1273 3771 1347 3836 latae

180 3879 287 3946 essem,
303 3869 492 3955 populusque
507 3872 544 3936 ael
558 3889 608 3937 eas
630 3871 827 3936 observandas
846 3871 911 3936 iure
931 3873 1055 3937 iurando
1075 3872 1237 3939 obstrietus
1258 3883 1347 3947 esset,

178 3975 419 4060 vituperabantur
432 3983 533 4040 tamen
547 3995 565 4042 s
579 3975 691 4054 mtdtis,
713 3977 765 4060 qui
783 3977 882 4041 minus
902 3995 992 4060 quam
1011 3987 1201 4062 speraverant
1221 3978 1293 4044 iuris
1312 3997 1348 4045 sa

178 4079 333 4173 potestatis
346 4078 403 4144 sibi
418 4098 594 4146 concessum
608 4101 676 4146 esse
695 4080 843 4158 riderent,
863 4083 943 4148 unde
962 4083 1090 4162 tactum,
1109 4093 1144 4148 ut
1157 4103 1229 4150 mor
1243 4103 1348 4150 reuu-

179 4183 317 4249 desesnta
332 4183 478 4250 discordia
489 4185 581 4250 bomo
596 4183 718 4252 sabidus
735 4193 765 4250 et
782 4185 925 4252 lactiosus
944 4188 1115 4254 Pisistratus
1135 4189 1348 4274 opprimendae

179 4286 361 4373 sbqusmdiu
373 4287 517 4354 bbertstls
536 4287 789 4375 opportunitatem
808 4291 1028 4358 nanobceretur
1053 4311 1179 4379 remque
1198 4294 1348 4381 pubbesm

179 4392 213 4458 in
225 4411 311 4460 suam
325 4400 504 4478 petuleum
516 4393 672 4480 redigeret
700 4395 762 4463 Sed
779 4397 854 4465 baec
873 4397 1025 4484 pemeqni,
1046 4407 1078 4465 et
1091 4417 1153 4484 quo
1166 4402 1259 4468 modo
1279 4406 1350 4488 post
